@article{yee2005guidelines,
  title={Guidelines and strategies for secure interaction design},
  author={Yee, Ka-Ping},
  journal={Security and Usability: Designing Secure Systems That People Can Use},
  pages={247--273},
  year={2005},
  publisher={O’Reilly}
}

@techreport{design,
author = {Ka-Ping Yee},
title = {{User Interaction Design for Secure Systems}},
year = {2002},
institution = {University of California, Berkeley},
number = {UCB/CSD-02-1184}
}

@inproceedings{onarlioglu2012insights,
  title={Insights into user behavior in dealing with internet attacks},
  author={Onarlioglu, Kaan and Yilmaz, Utku Ozan and Kirda, Engin and Balzarotti, Davide},
  booktitle={NDSS, 19th Annual Network and Distributed System Security Symposium},
  year={2012}
}

@book{white2012bandit,
  title={Bandit Algorithms for Website Optimization},
  author={White, John},
  year={2012},
  publisher={" O'Reilly Media, Inc."}
}

@article{kohavi2009controlled,
year={2009},
issn={1384-5810},
journal={Data Mining and Knowledge Discovery},
volume={18},
number={1},
doi={10.1007/s10618-008-0114-1},
title={Controlled experiments on the web: survey and practical guide},
url={http://dx.doi.org/10.1007/s10618-008-0114-1},
publisher={Springer US},
keywords={Controlled experiments; A/B testing; e-commerce; Website optimization; MultiVariable Testing; MVT},
author={Kohavi, Ron and Longbotham, Roger and Sommerfield, Dan and Henne, RandalM.},
pages={140-181},
language={English}
}

@inproceedings{renkema2014buildling,
 title = {Building castles in quicksand: Blueprint for a crowdsourced study},
 author = {Renkema-Padmos, Arne and Volkamer, Melanie and Renaud, Karen},
 booktitle={CHI'14 Extended Abstracts on Human Factors in Computing Systems},
 year={2014},
 organization={ACM},
 DOI ={http://dx.doi.org/10.1145/2559206.2578861}
}

@inproceedings{emperor,
author = {Schechter, Stuart E. and Dhamija, Rachna and Ozment, Andy and Fischer, Ian},
title = {{The Emperor's New Security Indicators}},
year = {2007},
pages = {51--65},
booktitle = {2007 IEEE Symposium on Security and Privacy},
address = {Oakland}
}

@inproceedings{akhawe2013alice,
  title={Alice in warningland: A large-scale field study of browser security warning effectiveness},
  author={Akhawe, Devdatta and Felt, Adrienne Porter},
  booktitle={Proceedings of the 22th USENIX Security Symposium},
  year={2013}
}

@inproceedings{dhamija2005battle,
  title={The battle against phishing: Dynamic security skins},
  author={Dhamija, Rachna and Tygar, J. Doug},
  booktitle={Proceedings of the 2005 symposium on Usable privacy and security},
  pages={77--88},
  year={2005},
  organization={ACM}
}

@inproceedings{wu2006security,
  title={Do security toolbars actually prevent phishing attacks?},
  author={Wu, Min and Miller, Robert C and Garfinkel, Simson L},
  booktitle={Proceedings of the SIGCHI conference on Human Factors in computing systems},
  pages={601--610},
  year={2006},
  organization={ACM}
}

@article{gabrilovich2002homograph,
  title={The homograph attack},
  author={Gabrilovich, Evgeniy and Gontmakher, Alex},
  journal={Communications of the ACM},
  volume={45},
  number={2},
  pages={128},
  year={2002}
}

@inproceedings{misuse,
author = {Stebila, Douglas},
title = {{Reinforcing Bad Behaviour: The Misuse of Security Indicators on Popular Websites}},
year = {2010},
pages = {248--251},
booktitle = {OzCHI 2010},
address = {Brisbane}
}

@inproceedings{overload,
author = {Gregory Conti and Mustaque Ahamad and John Stasko},
title = {{Attacking Information Visualization System Usability Overloading and Deceiving the Human}},
year = {2005},
pages = {89--100},
booktitle = {Symposium On Usable Privacy and Security 2005},
address = {Pittsburgh}
}

@article{paths,
author = {Zishuang Ye and Sean Smith and Denise Anthony},
title = {{Trusted Paths for Browsers}},
year = {2005},
pages = {153--186},
journal = {ACM Transactions on Information and System Security},
volume = {8},
number = {2}
}

@inproceedings{visualisation,
author = {Adrian Perrig and Dawn Song},
title = {{Hash Visualisation: A New Technique to Improve Real-World Security}},
year = {1999},
booktitle = {International Workshop on Cryptographic Techniques and E-Commerce},
address = {Hong Kong}
}

@inproceedings{iphone,
author = {Nitesh Dhanjani},
title = {{New Age Application Attacks Against Apple's iOS and Countermeasures}},
year = {2011},
booktitle = {Black Hat Europe 2011},
address = {Barcelona}
}

@inproceedings{dns,
author = {Saeed Abu-Nimeh and Suku Nair},
title = {{Bypassing Security Toolbars and Phishing Filters via DNS Poisoning}},
year = {2008},
pages = {1--6},
booktitle = {2008 IEEE Global Telecommunications Conference},
address = {New Orleans}
}

@inproceedings{why,
 title={{Why Phishing Works}},
 author={Rachna Dhamija and J. D. Tygar and Marti Hearst},
 booktitle={CHI 2006 Conference on Human Factors in Computing Systems},
 pages={581--590},
 year={2006},
 address={Montreal}
}

@inproceedings{shapiro2004design,
  title={Design of the EROS trusted window system},
  author={Shapiro, Jonathan S and Vanderburgh, John and Northup, Eric and Chizmadia, David},
  booktitle={Proceedings of the 13th conference on USENIX Security Symposium-Volume 13},
  pages={12--12},
  year={2004},
  organization={USENIX Association}
}


@inproceedings{Bravo-Lillo:2013:YAP:2501604.2501610,
 author = {Bravo-Lillo, Cristian and Komanduri, Saranga and Cranor, Lorrie Faith and Reeder, Robert W. and Sleeper, Manya and Downs, Julie and Schechter, Stuart},
 title = {Your Attention Please: Designing Security-decision UIs to Make Genuine Risks Harder to Ignore},
 booktitle = {Proceedings of the Ninth Symposium on Usable Privacy and Security},
 series = {SOUPS '13},
 year = {2013},
 isbn = {978-1-4503-2319-2},
 location = {Newcastle, United Kingdom},
 pages = {6:1--6:12},
 articleno = {6},
 numpages = {12},
 url = {http://doi.acm.org/10.1145/2501604.2501610},
 doi = {10.1145/2501604.2501610},
 acmid = {2501610},
 publisher = {ACM},
 address = {New York, NY, USA},
 keywords = {attractors, dialogs, habituation, methodologies, usable security, warnings},
} 

@inproceedings{warnings,
 title={{You've Been Warned: An Empirical Study of the Effectiveness of Web Browser Phishing Warnings}},
 author={Serge Egelman and Lorrie Faith Cranor and Jason Hong},
 booktitle={CHI 2008 Conference on Human Factors in Computing Systems},
 pages={1065--1074},
 year={2008},
 address={Florence}
}

@inproceedings{huang2012clickjacking,
  title={Clickjacking: attacks and defenses},
  author={Huang, Lin-Shung and Moshchuk, Alex and Wang, Helen J and Schechter, Stuart and Jackson, Collin},
  booktitle={Proceedings of the 21st USENIX Security Symposium},
  year={2012}
}


@inproceedings{Krammer:2006:PDA:1501434.1501473,
 author = {Krammer, Viktor},
 title = {Phishing defense against IDN address spoofing attacks},
 booktitle = {Proceedings of the 2006 International Conference on Privacy, Security and Trust: Bridge the Gap Between PST Technologies and Business Services},
 series = {PST '06},
 year = {2006},
 isbn = {1-59593-604-1},
 location = {Markham, Ontario, Canada},
 pages = {32:1--32:9},
 articleno = {32},
 numpages = {9},
 url = {http://doi.acm.org/10.1145/1501434.1501473},
 doi = {10.1145/1501434.1501473},
 acmid = {1501473},
 publisher = {ACM},
 address = {New York, NY, USA},
 keywords = {internationalized domain names, internet security, phishing, unicode, usability, web browsers},
}

@article{li2007b,
year={2007},
issn={1772-9890},
journal={Journal in Computer Virology},
volume={3},
number={2},
doi={10.1007/s11416-007-0050-4},
title={Usability evaluation of anti-phishing toolbars},
url={http://dx.doi.org/10.1007/s11416-007-0050-4},
publisher={Springer-Verlag},
author={Li, Linfeng and Helenius, Marko},
pages={163-184},
language={English}
}

@article{ethics,
	author		= {P. Finn and M. Jakobsson},
	title			= {{Designing Ethical Phishing Experiments}},
	year			= {2007},
	journal		= {IEEE Technology and Society Magazine},
	volume		= {26},
	number		= {1},
	pages		= {46--58}
}

@incollection{amrutkar2012measuring,
  title={Measuring SSL indicators on mobile browsers: extended life, or end of the road?},
  author={Amrutkar, Chaitrali and Traynor, Patrick and van Oorschot, Paul C},
  booktitle={Information Security},
  pages={86--103},
  year={2012},
  publisher={Springer}
}

@inproceedings{externalities,
	author		= {Cormac Herley},
	title			= {{So Long, and No Thanks for the Externalities: The Rational Rejection of Security Advice by Users}},
	booktitle		= {2009 Workshop on New Security Paradigms},
	year			= {2009},
	address		= {Oxford},
	pages		= {133--144}
}

@INPROCEEDINGS{router,
    author = {Alex Tsow},
    title = {{Phishing with Consumer Electronics: Malicious Home Routers}},
    booktitle = {15th International World Wide Web Conference},
    year = {2006},
    pages = {22--26},
    address={Edinburgh
}

@inproceedings{cookie,
author = {Sebastian Gajek and Mark Manulis and Jorg Schwenk},
title = {{Enforcing User-Aware Browser-Based Mutual Authentication with Strong Locked Same Origin Policy}},
year = {2008},
pages = {6--20},
booktitle = {13th Australian Conference on Information Security and Privacy},
address = {Wollongong}
}

@inproceedings{passpet,
 title={{Passpet: Convenient Password Management and Phishing Protection}},
 author={Ka-Ping Yee and Kragen Sitaker},
 booktitle={Symposium On Usable Privacy and Security 2006},
 pages={32--43},
 year={2006},
 address={Pittsburgh}
}

@inproceedings{wallet,
 title={{Web Wallet: Preventing Phishing Attacks by Revealing User Intentions}},
 author={Min Wu and Robert C. Miller and Greg Little},
 booktitle={Symposium On Usable Privacy and Security 2006},
 pages={102--113},
 year={2006},
 address={Pittsburgh}
}

@inproceedings{bookmarks,
author = {D. K. Smetters and P. Stewart},
title = {{Breaking out of the Browser to Defend Against Phishing Attacks}},
year = {2008},
booktitle = {5th Conference on Email and Anti-Spam},
address = {Mountain View}
}

@inproceedings{<fers}
}

@article{fido,
  title={FIDO Universal 2nd Factor (U2F) Overview},
  author={Srinivas, Sampath and Balfanz, Dirk and Tiffany, Eric},
  journal={Version v1. 0-rd-20140209, FIDO Alliance, February},
  year={2014}
}




@inproceedings{onarlioglu2012insights,
  title={Insights into user behavior in dealing with internet attacks},
  author={Onarlioglu, Kaan and Yilmaz, Utku Ozan and Kirda, Engin and Balzarotti, Davide},
  booktitle={NDSS, 19th Annual Network and Distributed System Security Symposium},
  year={2012}
}


@misc{mcafee2013,
author={{McAfee Labs}},
title={Mc{A}fee Threats Report: First Quarter 2013},
note={Available from http://www.mcafee.com}
year={2013}
}

@misc{apwg2013,
title={Anti {P}hishing {W}orking {G}roup {G}lobal {P}hishing {S}urvey: {T}rends and {D}omain Name Use in 1{H}2013},
author={R Rasmussen and G Aaron},
%note={18 {S}eptember. {\url{http://docs.apwg.org/reports/ APWG\_GlobalPhishingSurvey\_1H2013.pdf}}},
year={2013}
}

@book{halttunen1982confidence,
  title={Confidence men and painted women: A study of middle-class culture in America, 1830-1870},
  author={Halttunen, Karen},
  year={1982},
  publisher={Yale University Press}
}

@article{sweller1988,
  author = {Sweller, John},
  journal = {Cognitive Science},
  number = {2},
  pages = {257--285},
  title = {Cognitive Load During Problem Solving: Effects on Learning},
  volume = 12,
  year = {1988}
}

@incollection{gambetta2005,
year={2005},
booktitle={Perspectives on imitation: {F}rom neuroscience to social science},
editor={Susan Hurley and Nick Chater},
title={Deceptive mimicry in humans},
author={Diego Gambetta},
pages={221--241},
publisher={MIT Press},
address={Cambridge}
}

@mastersthesis{padmos2011,
author={Arne Padmos},
title={A Case of Sesame Seeds: Growing and Nurturing Credentials in the Face of Mimicry},
school={Royal Holloway, University of London},
year={2011},
address={Egham},
month={September},
note={Available at \url{http://digirep.rhul.ac.uk/items/328c3d8b-3695-bfea-03f0-b651ac709211/1/}}
}

@misc{stats14,
author = {{StatCounter Global Stats}},
title = {Top 5 desktop, tablet, and console browsers in the {U}nited {S}tates from {D}ec 2012 to {D}ec 2013},
month = jan,
year = {2014},
note = {\url{http://gs.statcounter.com/#browser-US-monthly-201212-201312}}
}

@incollection{peisert2007,
year={2007},
isbn={978-0-387-73268-8},
booktitle={Fifth World Conference on Information Security Education},
volume={237},
series={IFIP — International Federation for Information Processing},
editor={Futcher, Lynn and Dodge, Ronald},
title={How to Design Computer Security Experiments},
publisher={Springer},
author={Peisert, Sean and Bishop, Matt},
pages={141--148}
}

@book{waterloo2013,
year={July 2013},
title={Human participant research guidelines: Use of crowdsourcing services},
url={http://iris.uwaterloo.ca/ethics/human/guidelines/},
author={{Office of Research Ethics}},
publisher={University of Waterloo}
}

@book{schechter2013,
year={January 2013},
title={Common pitfalls in writing about security and privacy human subjects experiments, and how to avoid them},
url={\url{http://research.microsoft.com/apps/pubs/default.aspx?id=179980}},
author={Stuart Schechter},
publisher={Microsoft}
}

@misc{plos,
  title = {{Public Library of Science}},
  howpublished = {\url{http://www.plos.org/}}
}

@misc{boai,
  title = {{Budapest Open Access Initiative}},
  howpublished = {\url{http://www.budapestopenaccessinitiative.org/}}
}

@misc{okf,
  title = {{Open Knowledge Foundation}},
  howpublished = {\url{http://okfn.org/}}
}

@article{kitchenham2002,
author={Kitchenham, B.A. and Pfleeger, S.L. and Pickard, L.M. and Jones, P.W. and Hoaglin, D.C. and El Emam, K. and Rosenberg, J.},
journal={Software Engineering, IEEE Transactions on},
title={Preliminary guidelines for empirical research in software engineering},
year={2002},
volume={28},
number={8},
pages={721-734}
}

@article{mason2012,
year={2012},
journal={Behavior Research Methods},
volume={44},
number={1},
title={Conducting behavioral research on {A}mazon's {M}echanical {T}urk},
publisher={Springer-Verlag},
author={Mason, W. and Suri, S.},
pages={1--23},
}

@inproceedings{teevan13,
    author  = "Walter Lasecki and Ece Kamar and Jaime Teevan",
    title   = "Raising an army: Attacking crowd systems",
    publisher = "CrowdConf",
    month = October,
    year    = 2013
}

@inproceedings{renkema-padmos2014,
author = "A. Renkema-Padmos and M. Volkamer and K. Renaud",
title = "Building Castles in Quicksand: Blueprint for a Crowdsourced Study (Materials)",
publisher = "figshare",
year = 2014,
note = {\url{http://dx.doi.org/10.6084/m9.figshare.938239}}
}

@inproceedings{teevan14,
    author  = "Walter Lasecki and Jaime Teevan and Ece Kamar",
    title   = "Information Extraction and Manipulation Threats in Crowd-Powered Systems",
    publisher = "In Proceedings of the 2014 ACM Conference on Computer Supported Cooperative Work (CSCW 2014), Baltimore",
    month = February,
    year    = 2014
}

@article{lease2013mechanical,
  title={Mechanical turk is not anonymous},
  author={Lease, Matthew and Hullman, Jessica and Bigham, Jeffrey P and Bernstein, Michael and Kim, J and Lasecki, W and Bakhshi, S and Mitra, T and Miller, RC},
  journal={Social Science Research Network},
  year={2013}
}


@Article{paolacci2010,
  author={Gabriele Paolacci and Jesse Chandler and Panagiotis G. Ipeirotis},
  title={Running experiments on {A}mazon {M}echanical {T}urk},
  journal={Judgment and Decision Making},
  year=2010,
  volume={5},
  number={5},
  pages={411-419},
  month={August},
  keywords={experimentation; online research},
  abstract={ Although Mechanical Turk has recently become popular among social scientists as a source of experimental data, doubts may linger about the quality of data provided by subjects recruited from online labor markets. We address these potential concerns by presenting new demographic data about the Mechanical Turk subject population, reviewing the strengths of Mechanical Turk relative to other online and offline methods of recruiting subjects, and comparing the magnitude of effects obtained using Mechanical Turk and traditional subject pools. We further discuss some additional benefits such as the possibility of longitudinal, cross cultural and prescreening designs, and offer some advice on how to best manage a common subject pool.},
  url={http://ideas.repec.org/a/jdm/journl/v5y2010i5p411-419.html}
}

@article{buhrmester2011,
author = {Buhrmester, Michael and Kwang, Tracy and Gosling, Samuel D.}, 
title = {Amazon's {M}echanical {T}urk: {A} New Source of Inexpensive, Yet High-Quality, Data?},
volume = {6}, 
number = {1}, 
pages = {3-5}, 
year = {2011}, 
doi = {10.1177/1745691610393980}, 
abstract ={Amazon’s Mechanical Turk (MTurk) is a relatively new website that contains the major elements required to conduct research: an integrated participant compensation system; a large participant pool; and a streamlined process of study design, participant recruitment, and data collection. In this article, we describe and evaluate the potential contributions of MTurk to psychology and other social sciences. Findings indicate that (a) MTurk participants are slightly more demographically diverse than are standard Internet samples and are significantly more diverse than typical American college samples; (b) participation is affected by compensation rate and task length, but participants can still be recruited rapidly and inexpensively; (c) realistic compensation rates do not affect data quality; and (d) the data obtained are at least as reliable as those obtained via traditional methods. Overall, MTurk can be used to obtain high-quality data inexpensively and rapidly.}, 
URL = {http://pps.sagepub.com/content/6/1/3.abstract}, 
eprint = {http://pps.sagepub.com/content/6/1/3.full.pdf+html}, 
journal = {Perspectives on Psychological Science} 
}





@inproceedings{maxion2010,
 author = {Maxion, Roy A. and Longstaff, Thomas A. and McHugh, John},
 title = {Why is There No Science in Cyber Science?: A Panel Discussion at {NSPW} 2010},
 booktitle = {Proceedings of the 2010 Workshop on New Security Paradigms},
 series = {NSPW '10},
 year = {2010},
 isbn = {978-1-4503-0415-3},
 location = {Concord, Massachusetts, USA},
 pages = {1--6},
 numpages = {6},
 url = {http://doi.acm.org/10.1145/1900546.1900548},
 doi = {10.1145/1900546.1900548},
 acmid = {1900548},
 publisher = {ACM},
 address = {New York, NY, USA},
 keywords = {experimentation, research methodology, science of security},
} 


@article{skitka2006,
  title={The {I}nternet as psychological laboratory},
  author={Skitka, Linda J and Sargis, Edward G},
  journal={Annual Review of Psychology},
  volume={57},
  pages={529--555},
  year={2006},
  publisher={Annual Reviews}
}

@book{jakobsson2009,
year={July 2009},
title={Experimenting on Mechanical Turk: 5 How Tos},
url={http://blogs.parc.com/blog/2009/07/experimenting-on-mechanical-turk-5-how-tos/},
author={Stuart Schechter},
publisher={Microsoft}
}

@inproceedings{kittur2008,
 author = {Kittur, Aniket and Chi, Ed H. and Suh, Bongwon},
 title = {Crowdsourcing user studies with Mechanical Turk},
 booktitle = {Proceedings of the SIGCHI Conference on Human Factors in Computing Systems},
 series = {CHI '08},
 year = {2008},
 isbn = {978-1-60558-011-1},
 location = {Florence, Italy},
 pages = {453--456},
 acmid = {1357127},
 publisher = {ACM},
}

@book{mturk2011,
year={June 2011},
title={Requester Best Practices Guide},
url={\url{http://mturkpublic.s3.amazonaws.com/docs/MTURK\_BP.pdf}},
author={{Amazon Mechanical Turk}},
publisher={Amazon Web Services}
}

@article{horton2011,
year={2011},
issn={1386-4157},
journal={Experimental Economics},
volume={14},
number={3},
title={The online laboratory: {C}onducting experiments in a real labor market},
publisher={Springer US},
author={Horton, John J. and Rand, David G. and Zeckhauser, Richard J.},
pages={399-425},
language={English}
}

% DISCUSSION

@ARTICLE{vakharia2013,
   author = {{Vakharia}, D. and {Lease}, M.},
    title = "{Beyond AMT: An Analysis of Crowd Work Platforms}",
  journal = {ArXiv e-prints},
archivePrefix = "arXiv",
   eprint = {1310.1672},
 primaryClass = "cs.CY",
     year = 2013,
    month = oct,
}

%Crowdsourcing graphical perception: using mechanical turk to assess visualization design

%Evaluating Online Labor Markets for Experimental Research: Amazon.com's Mechanical Turk
%Adam J. Berinsky

%Risks and Rewards of Crowdsourcing Marketplaces
%Jesse Chandler

%Evaluating Online Labor Markets for Experimental Research: Amazon.com's Mechanical Turk

%http://crowdsourcing-class.org/resources.html
%http://experimentalturk.wordpress.com/resources/

%Amazon's Mechanical Turk - A New Source of Inexpensive, Yet High-Quality, Data?
%Michael Buhrmester

@article{BDM:BDM1753,
author = {Goodman, Joseph K. and Cryder, Cynthia E. and Cheema, Amar},
title = {Data Collection in a Flat World: The Strengths and Weaknesses of Mechanical Turk Samples},
journal = {Journal of Behavioral Decision Making},
volume = {26},
number = {3},
issn = {1099-0771},
url = {http://dx.doi.org/10.1002/bdm.1753},
doi = {10.1002/bdm.1753},
pages = {213--224},
keywords = {research methods, surveys, sampling, online research, external validity},
year = {2013},
}

@article{10.1371/journal.pone.0057410,
    author = {Crump, , Matthew J. C. AND McDonnell, , John V. AND Gureckis, , Todd M.},
    journal = {PLoS ONE},
    publisher = {Public Library of Science},
    title = {Evaluating {A}mazon's {M}echanical {T}urk as a Tool for Experimental Behavioral Research},
    year = {2013},
    month = {03},
    volume = {8},
    url = {http://dx.doi.org/10.1371%2Fjournal.pone.0057410},
    pages = {e57410},
    number = {3},
    doi = {10.1371/journal.pone.0057410}
}

@inproceedings{Benzel:2011:SCS:2076732.2076752,
 author = {Benzel, Terry},
 title = {The science of cyber security experimentation: the DETER project},
 booktitle = {Proceedings of the 27th Annual Computer Security Applications Conference},
 series = {ACSAC '11},
 year = {2011},
 isbn = {978-1-4503-0672-0},
 location = {Orlando, Florida},
 pages = {137--148},
 numpages = {12},
 url = {http://doi.acm.org/10.1145/2076732.2076752},
 doi = {10.1145/2076732.2076752},
 acmid = {2076752},
 publisher = {ACM},
 address = {New York, NY, USA},
 keywords = {cyber-security, experimental research, testbed},
} 

@inproceedings{lin2011,
 author = {Lin, Eric and Greenberg, Saul and Trotter, Eileah and Ma, David and Aycock, John},
 title = {Does domain highlighting help people identify phishing sites?},
 booktitle = {Proceedings of the SIGCHI Conference on Human Factors in Computing Systems},
 series = {CHI '11},
 year = {2011},
 isbn = {978-1-4503-0228-9},
 location = {Vancouver, BC, Canada},
 pages = {2075--2084},
 numpages = {10},
 acmid = {1979244},
 publisher = {ACM},
 address = {New York, NY, USA},
 keywords = {domain name highlighting, phishing, usable security},
}

@INPROCEEDINGS{4223213,
author={Schechter, S.E. and Dhamija, R. and Ozment, A. and Fischer, I.},
booktitle={Security and Privacy, 2007. SP '07. IEEE Symposium on},
title={The Emperor's New Security Indicators},
year={2007},
pages={51-65},
keywords={Web sites;fraud;message authentication;Website authentication indicator;man-in-the-middle attack;phishing;security indicator;site forgery attack;site-authentication image;Authentication;Banking;Contracts;Forgery;Laboratories;Protection;Security;Terrorism;Usability;Web page design},
doi={10.1109/SP.2007.35},
ISSN={1081-6011},}

@inproceedings{Krammer:2006:PDA:1501434.1501473,
 author = {Krammer, Viktor},
 title = {Phishing defense against IDN address spoofing attacks},
 booktitle = {Proceedings of the 2006 International Conference on Privacy, Security and Trust: Bridge the Gap Between PST Technologies and Business Services},
 series = {PST '06},
 year = {2006},
 isbn = {1-59593-604-1},
 location = {Markham, Ontario, Canada},
 pages = {32:1--32:9},
 articleno = {32},
 numpages = {9},
 url = {http://doi.acm.org/10.1145/1501434.1501473},
 doi = {10.1145/1501434.1501473},
 acmid = {1501473},
 publisher = {ACM},
 address = {New York, NY, USA},
 keywords = {internationalized domain names, internet security, phishing, unicode, usability, web browsers},
} 

@article{muir2009,
 author = {Muir, James A. and Oorschot, Paul C. Van},
 title = {Internet geolocation: Evasion and counterevasion},
 journal = {ACM Comput. Surv.},
 issue_date = {December 2009},
 volume = {42},
 number = {1},
 month = dec,
 year = {2009},
 issn = {0360-0300},
 pages = {4:1--4:23},
 articleno = {4},
 numpages = {23},
 url = {http://doi.acm.org/10.1145/1592451.1592455},
 doi = {10.1145/1592451.1592455},
 acmid = {1592455},
 publisher = {ACM},
 address = {New York, NY, USA},
 keywords = {Internet geolocation, Tor, adversarial environment, anonymizing network, evasion},
} 

@inproceedings{Dhamija:2006:WPW:1124772.1124861,
 author = {Dhamija, Rachna and Tygar, J. D. and Hearst, Marti},
 title = {Why {P}hishing {W}orks},
 booktitle = {Proceedings of the SIGCHI Conference on Human Factors in Computing Systems},
 series = {CHI '06},
 year = {2006},
 isbn = {1-59593-372-7},
 location = {Montr\&\#233;al, Qu\&\#233;bec, Canada},
 pages = {581--590},
 numpages = {10},
 url = {http://doi.acm.org/10.1145/1124772.1124861},
 doi = {10.1145/1124772.1124861},
 acmid = {1124861},
 publisher = {ACM},
 address = {New York, NY, USA},
 keywords = {phishing, phishing user study, security usability, why phishing works},
} 

@inproceedings{Wu:2006:STA:1124772.1124863,
 author = {Wu, Min and Miller, Robert C. and Garfinkel, Simson L.},
 title = {Do security toolbars actually prevent phishing attacks?},
 booktitle = {Proceedings of the SIGCHI Conference on Human Factors in Computing Systems},
 series = {CHI '06},
 year = {2006},
 isbn = {1-59593-372-7},
 location = {Montr\&\#233;al, Qu\&\#233;bec, Canada},
 pages = {601--610},
 numpages = {10},
 url = {http://doi.acm.org/10.1145/1124772.1124863},
 doi = {10.1145/1124772.1124863},
 acmid = {1124863},
 publisher = {ACM},
 address = {New York, NY, USA},
 keywords = {e-commerce, user interface design, user study, world wide web and hypermedia},
} 

@inproceedings{cutrell2007,
 author = {Cutrell, Edward and Guan, Zhiwei},
 title = {What are you looking for?: an eye-tracking study of information usage in web search},
 booktitle = {Proceedings of the SIGCHI Conference on Human Factors in Computing Systems},
 series = {CHI '07},
 year = {2007},
 isbn = {978-1-59593-593-9},
 location = {San Jose, California, USA},
 pages = {407--416},
 numpages = {10},
 url = {http://doi.acm.org/10.1145/1240624.1240690},
 doi = {10.1145/1240624.1240690},
 acmid = {1240690},
 publisher = {ACM},
 address = {New York, NY, USA},
 keywords = {contextual snippets, eye tracking, user studies, web search},
}

@INPROCEEDINGS{5934995,
author={Anh Le and Markopoulou, A. and Faloutsos, Michalis},
booktitle={INFOCOM, 2011 Proceedings IEEE},
title={PhishDef: URL names say it all},
year={2011},
pages={191-195},
keywords={Web sites;computer crime;AROW;PhishDef;URL names;classification accuracy;lexical features;obfuscation technique resilience;online classification;online method;personal user information stealing;phishing detection system;Accuracy;Classification algorithms;Error analysis;Feature extraction;Noise;Prediction algorithms;Servers},
doi={10.1109/INFCOM.2011.5934995},
ISSN={0743-166X},}

@article{li2007b,
year={2007},
issn={1772-9890},
journal={Journal in Computer Virology},
volume={3},
number={2},
doi={10.1007/s11416-007-0050-4},
title={Usability evaluation of anti-phishing toolbars},
url={http://dx.doi.org/10.1007/s11416-007-0050-4},
publisher={Springer-Verlag},
author={Li, Linfeng and Helenius, Marko},
pages={163-184},
language={English}
}

@inproceedings{Longstaff:2010:BSS:1920261.1920281,
 author = {Longstaff, Tom and Balenson, David and Matties, Mark},
 title = {Barriers to science in security},
 booktitle = {Proceedings of the 26th Annual Computer Security Applications Conference},
 series = {ACSAC '10},
 year = {2010},
 isbn = {978-1-4503-0133-6},
 location = {Austin, Texas},
 pages = {127--129},
 numpages = {3},
 url = {http://doi.acm.org/10.1145/1920261.1920281},
 doi = {10.1145/1920261.1920281},
 acmid = {1920281},
 publisher = {ACM},
 address = {New York, NY, USA},
} 

@inproceedings{Maxion:2010:WNS:1900546.1900548,
 author = {Maxion, Roy A. and Longstaff, Thomas A. and McHugh, John},
 title = {Why is there no science in cyber science?: a panel discussion at NSPW 2010},
 booktitle = {Proceedings of the 2010 workshop on New security paradigms},
 series = {NSPW '10},
 year = {2010},
 isbn = {978-1-4503-0415-3},
 location = {Concord, Massachusetts, USA},
 pages = {1--6},
 numpages = {6},
 url = {http://doi.acm.org/10.1145/1900546.1900548},
 doi = {10.1145/1900546.1900548},
 acmid = {1900548},
 publisher = {ACM},
 address = {New York, NY, USA},
 keywords = {experimentation, research methodology, science of security},
} 

@inproceedings{Bicakci:2011:MPP:2073276.2073280,
 author = {Bicakci, Kemal and van Oorschot, Paul C.},
 title = {A multi-word password proposal (gridWord) and exploring questions about science in security research and usable security evaluation},
 booktitle = {Proceedings of the 2011 workshop on New security paradigms workshop},
 series = {NSPW '11},
 year = {2011},
 isbn = {978-1-4503-1078-9},
 location = {Marin County, California, USA},
 pages = {25--36},
 numpages = {12},
 url = {http://doi.acm.org/10.1145/2073276.2073280},
 doi = {10.1145/2073276.2073280},
 acmid = {2073280},
 publisher = {ACM},
 address = {New York, NY, USA},
 keywords = {evaluation, passwords, science, usable security},
} 

@article{oliver2005constraints,
  title={Constraints and opportunities with interview transcription: Towards reflection in qualitative research},
  author={Oliver, Daniel G and Serovich, Julianne M and Mason, Tina L},
  journal={Social Forces},
  volume={84},
  number={2},
  pages={1273--1289},
  year={2005},
  publisher={Oxford University Press}
}

@inproceedings{Carroll:2012:RSM:2379616.2379619,
 author = {Carroll, Thomas E. and Manz, David and Edgar, Thomas and Greitzer, Frank L.},
 title = {Realizing scientific methods for cyber security},
 booktitle = {Proceedings of the 2012 Workshop on Learning from Authoritative Security Experiment Results},
 series = {LASER '12},
 year = {2012},
 isbn = {978-1-4503-1195-3},
 location = {Arlington, Virginia},
 pages = {19--24},
 numpages = {6},
 url = {http://doi.acm.org/10.1145/2379616.2379619},
 doi = {10.1145/2379616.2379619},
 acmid = {2379619},
 publisher = {ACM},
 address = {New York, NY, USA},
} 

@inproceedings{adar11,
    author = {Adar, Eytan},
    booktitle = {Proceedings of the CHI 2011 Workshop on Crowdsourcing and Human Computation},
    location = {Vancouver, BC, Canada},
    month = may,
    priority = {2},
    title = {Why {I} Hate {Mechanical Turk} Research (and Workshops)},
    year = {2011}
}



@inproceedings{Longstaff:2010:CSM:1852666.1852677,
 author = {Longstaff, Tom},
 title = {Cyber science: moving from the toes to the shoulders of giants},
 booktitle = {Proceedings of the Sixth Annual Workshop on Cyber Security and Information Intelligence Research},
 series = {CSIIRW '10},
 year = {2010},
 isbn = {978-1-4503-0017-9},
 location = {Oak Ridge, Tennessee},
 pages = {10:1--10:1},
 articleno = {10},
 numpages = {1},
 url = {http://doi.acm.org/10.1145/1852666.1852677},
 doi = {10.1145/1852666.1852677},
 acmid = {1852677},
 publisher = {ACM},
 address = {New York, NY, USA},
} 

@incollection{peisert2007,
year={2007},
isbn={978-0-387-73268-8},
booktitle={Fifth World Conference on Information Security Education},
volume={237},
series={IFIP — International Federation for Information Processing},
editor={Futcher, Lynn and Dodge, Ronald},
doi={10.1007/978-0-387-73269-5_19},
title={How to Design Computer Security Experiments},
url={http://dx.doi.org/10.1007/978-0-387-73269-5_19},
publisher={Springer US},
author={Peisert, Sean and Bishop, Matt},
pages={141-148},
language={English}
}

%addressing the need for data and code sharing in computational science

@article{Kotulic2004597,
title = "Why there aren’t more information security research studies ",
journal = "Information \& Management ",
volume = "41",
number = "5",
pages = "597 - 607",
year = "2004",
note = "",
issn = "0378-7206",
doi = "http://dx.doi.org/10.1016/j.im.2003.08.001",
url = "http://www.sciencedirect.com/science/article/pii/S0378720603000995",
author = "Andrew G. Kotulic and Jan Guynes Clark",
keywords = "Security",
keywords = "Risk",
keywords = "Security risk management",
keywords = "\{IT\} strategy "
}

@inproceedings{killourhy2011should,
  title={Should security researchers experiment more and draw more inferences?},
  author={Killourhy, Kevin S and Maxion, Roy A},
  booktitle={Proceedings of the 4th conference on Cyber security experimentation and test},
  pages={1--1},
  year={2011},
  organization={USENIX Association}
}

@ARTICLE{4288043,
author={Peisert, S. and Bishop, M.},
journal={Security Privacy, IEEE},
title={I Am a Scientist, Not a Philosopher!},
year={2007},
volume={5},
number={4},
pages={48-51},
keywords={computer science education;research and development;security of data;computer security research;experimental validation;flaw classifications;formal proof;scientific experimentation;Computer science education;Computer security;Computer worms;Data security;Forensics;Gold;Humans;Intrusion detection;Privacy;Protection;experimentation;scientific method},
doi={10.1109/MSP.2007.84},
ISSN={1540-7993},}

@article{10.1109/AFIPS.1978.53,
author = {Peter G. Neumann},
title = {Computer system - Security evaluation},
journal ={Managing Requirements Knowledge, International Workshop on},
volume = {0},
isbn = {},
year = {1978},
pages = {1087},
doi = {http://doi.ieeecomputersociety.org/10.1109/AFIPS.1978.53},
publisher = {IEEE Computer Society},
address = {Los Alamitos, CA, USA},
}

@inproceedings{Peisert:2009:QCI:1719030.1719041,
 author = {Peisert, Sean and Bishop, Matt and Corriss, Laura and Greenwald, Steven J.},
 title = {Quis Custodiet ipsos Custodes?: a new paradigm for analyzing security paradigms with appreciation to the Roman poet Juvenal},
 booktitle = {Proceedings of the 2009 workshop on New security paradigms workshop},
 series = {NSPW '09},
 year = {2009},
 isbn = {978-1-60558-845-2},
 location = {Oxford, United Kingdom},
 pages = {71--84},
 numpages = {14},
 url = {http://doi.acm.org/10.1145/1719030.1719041},
 doi = {10.1145/1719030.1719041},
 acmid = {1719041},
 publisher = {ACM},
 address = {New York, NY, USA},
 keywords = {{black, NSPW, collective paradigms, computer security, consulting, cybersecurity, digital forensics, e-voting, forensics, information security, management, multi-paradigm composition analysis, new security paradigms workshop, paradigm, reality tunnels, statistical analysis, voting},
}

%cargo cult science
%http://neurotheory.columbia.edu/~ken/cargo_cult.html



@inproceedings{lin2011,
 author = {Lin, Eric and Greenberg, Saul and Trotter, Eileah and Ma, David and Aycock, John},
 title = {Does domain highlighting help people identify phishing sites?},
 booktitle = {Proceedings of the SIGCHI Conference on Human Factors in Computing Systems},
 series = {CHI '11},
 year = {2011},
 isbn = {978-1-4503-0228-9},
 location = {Vancouver, BC, Canada},
 pages = {2075--2084},
 numpages = {10},
 acmid = {1979244},
 publisher = {ACM},
 address = {New York, NY, USA},
 keywords = {domain name highlighting, phishing, usable security},
} 

@inproceedings{lin2011does,
title={Does domain highlighting help people identify phishing sites?},
author={Lin, Eric and Greenberg, Saul and Trotter, Eileah and Ma, David and Aycock, John},
booktitle={Proceedings of the SIGCHI Conference on Human Factors in Computing Systems},
pages={2075--2084},
year={2011},
organization={ACM}
}

@INPROCEEDINGS{4223213,
author={Schechter, S.E. and Dhamija, R. and Ozment, A. and Fischer, I.},
booktitle={Security and Privacy, 2007. SP '07. IEEE Symposium on},
title={The Emperor's New Security Indicators},
year={2007},
pages={51-65},
keywords={Web sites;fraud;message authentication;Website authentication indicator;man-in-the-middle attack;phishing;security indicator;site forgery attack;site-authentication image;Authentication;Banking;Contracts;Forgery;Laboratories;Protection;Security;Terrorism;Usability;Web page design},
doi={10.1109/SP.2007.35},
ISSN={1081-6011},}

@inproceedings{Krammer:2006:PDA:1501434.1501473,
 author = {Krammer, Viktor},
 title = {Phishing defense against IDN address spoofing attacks},
 booktitle = {Proceedings of the 2006 International Conference on Privacy, Security and Trust: Bridge the Gap Between PST Technologies and Business Services},
 series = {PST '06},
 year = {2006},
 isbn = {1-59593-604-1},
 location = {Markham, Ontario, Canada},
 pages = {32:1--32:9},
 articleno = {32},
 numpages = {9},
 url = {http://doi.acm.org/10.1145/1501434.1501473},
 doi = {10.1145/1501434.1501473},
 acmid = {1501473},
 publisher = {ACM},
 address = {New York, NY, USA},
 keywords = {internationalized domain names, internet security, phishing, unicode, usability, web browsers},
} 

@article{muir2009,
 author = {Muir, James A. and Oorschot, Paul C. Van},
 title = {Internet geolocation: Evasion and counterevasion},
 journal = {ACM Comput. Surv.},
 issue_date = {December 2009},
 volume = {42},
 number = {1},
 month = dec,
 year = {2009},
 issn = {0360-0300},
 pages = {4:1--4:23},
 articleno = {4},
 numpages = {23},
 url = {http://doi.acm.org/10.1145/1592451.1592455},
 doi = {10.1145/1592451.1592455},
 acmid = {1592455},
 publisher = {ACM},
 address = {New York, NY, USA},
 keywords = {Internet geolocation, Tor, adversarial environment, anonymizing network, evasion},
} 

@inproceedings{Dhamija:2006:WPW:1124772.1124861,
 author = {Dhamija, Rachna and Tygar, J. D. and Hearst, Marti},
 title = {Why phishing works},
 booktitle = {Proceedings of the SIGCHI Conference on Human Factors in Computing Systems},
 series = {CHI '06},
 year = {2006},
 isbn = {1-59593-372-7},
 location = {Montr\&\#233;al, Qu\&\#233;bec, Canada},
 pages = {581--590},
 numpages = {10},
 url = {http://doi.acm.org/10.1145/1124772.1124861},
 doi = {10.1145/1124772.1124861},
 acmid = {1124861},
 publisher = {ACM},
 address = {New York, NY, USA},
 keywords = {phishing, phishing user study, security usability, why phishing works},
} 

@inproceedings{Wu:2006:STA:1124772.1124863,
 author = {Wu, Min and Miller, Robert C. and Garfinkel, Simson L.},
 title = {Do security toolbars actually prevent phishing attacks?},
 booktitle = {Proceedings of the SIGCHI Conference on Human Factors in Computing Systems},
 series = {CHI '06},
 year = {2006},
 isbn = {1-59593-372-7},
 location = {Montr\&\#233;al, Qu\&\#233;bec, Canada},
 pages = {601--610},
 numpages = {10},
 url = {http://doi.acm.org/10.1145/1124772.1124863},
 doi = {10.1145/1124772.1124863},
 acmid = {1124863},
 publisher = {ACM},
 address = {New York, NY, USA},
 keywords = {e-commerce, user interface design, user study, world wide web and hypermedia},
} 

@inproceedings{cutrell2007,
 author = {Cutrell, Edward and Guan, Zhiwei},
 title = {What are you looking for?: an eye-tracking study of information usage in web search},
 booktitle = {Proceedings of the SIGCHI Conference on Human Factors in Computing Systems},
 series = {CHI '07},
 year = {2007},
 isbn = {978-1-59593-593-9},
 location = {San Jose, California, USA},
 pages = {407--416},
 numpages = {10},
 url = {http://doi.acm.org/10.1145/1240624.1240690},
 doi = {10.1145/1240624.1240690},
 acmid = {1240690},
 publisher = {ACM},
 address = {New York, NY, USA},
 keywords = {contextual snippets, eye tracking, user studies, web search},
}

@INPROCEEDINGS{5934995,
author={Anh Le and Markopoulou, A. and Faloutsos, Michalis},
booktitle={INFOCOM, 2011 Proceedings IEEE},
title={PhishDef: URL names say it all},
year={2011},
pages={191-195},
keywords={Web sites;computer crime;AROW;PhishDef;URL names;classification accuracy;lexical features;obfuscation technique resilience;online classification;online method;personal user information stealing;phishing detection system;Accuracy;Classification algorithms;Error analysis;Feature extraction;Noise;Prediction algorithms;Servers},
doi={10.1109/INFCOM.2011.5934995},
ISSN={0743-166X},}

@article{li2007usability,
year={2007},
issn={1772-9890},
journal={Journal in Computer Virology},
volume={3},
number={2},
doi={10.1007/s11416-007-0050-4},
title={Usability evaluation of anti-phishing toolbars},
url={http://dx.doi.org/10.1007/s11416-007-0050-4},
publisher={Springer-Verlag},
author={Li, Linfeng and Helenius, Marko},
pages={163-184},
language={English}
}

@inproceedings{Longstaff:2010:BSS:1920261.1920281,
 author = {Longstaff, Tom and Balenson, David and Matties, Mark},
 title = {Barriers to science in security},
 booktitle = {Proceedings of the 26th Annual Computer Security Applications Conference},
 series = {ACSAC '10},
 year = {2010},
 isbn = {978-1-4503-0133-6},
 location = {Austin, Texas},
 pages = {127--129},
 numpages = {3},
 url = {http://doi.acm.org/10.1145/1920261.1920281},
 doi = {10.1145/1920261.1920281},
 acmid = {1920281},
 publisher = {ACM},
 address = {New York, NY, USA},
} 

@inproceedings{Maxion:2010:WNS:1900546.1900548,
 author = {Maxion, Roy A. and Longstaff, Thomas A. and McHugh, John},
 title = {Why is there no science in cyber science?: a panel discussion at NSPW 2010},
 booktitle = {Proceedings of the 2010 workshop on New security paradigms},
 series = {NSPW '10},
 year = {2010},
 isbn = {978-1-4503-0415-3},
 location = {Concord, Massachusetts, USA},
 pages = {1--6},
 numpages = {6},
 url = {http://doi.acm.org/10.1145/1900546.1900548},
 doi = {10.1145/1900546.1900548},
 acmid = {1900548},
 publisher = {ACM},
 address = {New York, NY, USA},
 keywords = {experimentation, research methodology, science of security},
} 

@inproceedings{Bicakci:2011:MPP:2073276.2073280,
 author = {Bicakci, Kemal and van Oorschot, Paul C.},
 title = {A multi-word password proposal (gridWord) and exploring questions about science in security research and usable security evaluation},
 booktitle = {Proceedings of the 2011 workshop on New security paradigms workshop},
 series = {NSPW '11},
 year = {2011},
 isbn = {978-1-4503-1078-9},
 location = {Marin County, California, USA},
 pages = {25--36},
 numpages = {12},
 url = {http://doi.acm.org/10.1145/2073276.2073280},
 doi = {10.1145/2073276.2073280},
 acmid = {2073280},
 publisher = {ACM},
 address = {New York, NY, USA},
 keywords = {evaluation, passwords, science, usable security},
} 

@article{oliver2005constraints,
  title={Constraints and opportunities with interview transcription: Towards reflection in qualitative research},
  author={Oliver, Daniel G and Serovich, Julianne M and Mason, Tina L},
  journal={Social Forces},
  volume={84},
  number={2},
  pages={1273--1289},
  year={2005},
  publisher={Oxford University Press}
}

@inproceedings{Carroll:2012:RSM:2379616.2379619,
 author = {Carroll, Thomas E. and Manz, David and Edgar, Thomas and Greitzer, Frank L.},
 title = {Realizing scientific methods for cyber security},
 booktitle = {Proceedings of the 2012 Workshop on Learning from Authoritative Security Experiment Results},
 series = {LASER '12},
 year = {2012},
 isbn = {978-1-4503-1195-3},
 location = {Arlington, Virginia},
 pages = {19--24},
 numpages = {6},
 url = {http://doi.acm.org/10.1145/2379616.2379619},
 doi = {10.1145/2379616.2379619},
 acmid = {2379619},
 publisher = {ACM},
 address = {New York, NY, USA},
} 

%Why I Hate Mechanical Turk Research (and Workshops)

@inproceedings{Longstaff:2010:CSM:1852666.1852677,
 author = {Longstaff, Tom},
 title = {Cyber science: moving from the toes to the shoulders of giants},
 booktitle = {Proceedings of the Sixth Annual Workshop on Cyber Security and Information Intelligence Research},
 series = {CSIIRW '10},
 year = {2010},
 isbn = {978-1-4503-0017-9},
 location = {Oak Ridge, Tennessee},
 pages = {10:1--10:1},
 articleno = {10},
 numpages = {1},
 url = {http://doi.acm.org/10.1145/1852666.1852677},
 doi = {10.1145/1852666.1852677},
 acmid = {1852677},
 publisher = {ACM},
 address = {New York, NY, USA},
} 

@incollection{
year={2007},
isbn={978-0-387-73268-8},
booktitle={Fifth World Conference on Information Security Education},
volume={237},
series={IFIP — International Federation for Information Processing},
editor={Futcher, Lynn and Dodge, Ronald},
doi={10.1007/978-0-387-73269-5_19},
title={How to Design Computer Security Experiments},
url={http://dx.doi.org/10.1007/978-0-387-73269-5_19},
publisher={Springer US},
author={Peisert, Sean and Bishop, Matt},
pages={141-148},
language={English}
}

addressing the need for data and code sharing in computational science

@article{Kotulic2004597,
title = "Why there aren’t more information security research studies ",
journal = "Information & Management ",
volume = "41",
number = "5",
pages = "597 - 607",
year = "2004",
note = "",
issn = "0378-7206",
doi = "http://dx.doi.org/10.1016/j.im.2003.08.001",
url = "http://www.sciencedirect.com/science/article/pii/S0378720603000995",
author = "Andrew G. Kotulic and Jan Guynes Clark",
keywords = "Security",
keywords = "Risk",
keywords = "Security risk management",
keywords = "\{IT\} strategy "
}

@inproceedings{killourhy2011should,
  title={Should security researchers experiment more and draw more inferences?},
  author={Killourhy, Kevin S and Maxion, Roy A},
  booktitle={Proceedings of the 4th conference on Cyber security experimentation and test},
  pages={1--1},
  year={2011},
  organization={USENIX Association}
}

@ARTICLE{4288043,
author={Peisert, S. and Bishop, M.},
journal={Security Privacy, IEEE},
title={I Am a Scientist, Not a Philosopher!},
year={2007},
volume={5},
number={4},
pages={48-51},
keywords={computer science education;research and development;security of data;computer security research;experimental validation;flaw classifications;formal proof;scientific experimentation;Computer science education;Computer security;Computer worms;Data security;Forensics;Gold;Humans;Intrusion detection;Privacy;Protection;experimentation;scientific method},
doi={10.1109/MSP.2007.84},
ISSN={1540-7993},}

@article{10.1109/AFIPS.1978.53,
author = {Peter G. Neumann},
title = {Computer system - Security evaluation},
journal ={Managing Requirements Knowledge, International Workshop on},
volume = {0},
isbn = {},
year = {1978},
pages = {1087},
doi = {http://doi.ieeecomputersociety.org/10.1109/AFIPS.1978.53},
publisher = {IEEE Computer Society},
address = {Los Alamitos, CA, USA},
}

@inproceedings{Peisert:2009:QCI:1719030.1719041,
 author = {Peisert, Sean and Bishop, Matt and Corriss, Laura and Greenwald, Steven J.},
 title = {Quis Custodiet ipsos Custodes?: a new paradigm for analyzing security paradigms with appreciation to the Roman poet Juvenal},
 booktitle = {Proceedings of the 2009 workshop on New security paradigms workshop},
 series = {NSPW '09},
 year = {2009},
 isbn = {978-1-60558-845-2},
 location = {Oxford, United Kingdom},
 pages = {71--84},
 numpages = {14},
 url = {http://doi.acm.org/10.1145/1719030.1719041},
 doi = {10.1145/1719030.1719041},
 acmid = {1719041},
 publisher = {ACM},
 address = {New York, NY, USA},
 keywords = {Kuhn, NSPW, collective paradigms, computer security, consulting, cybersecurity, digital forensics, e-voting, forensics, information security, management, multi-paradigm composition analysis, new security paradigms workshop, paradigm, reality tunnels, statistical analysis, voting},
} 

Common Pitfalls in Writing about Security and Privacy Human Subjects Experiments, and How to Avoid Them

Stuart Schechter
15 January 2013

cargo cult science
http://neurotheory.columbia.edu/~ken/cargo_cult.html

@incollection{
year={2012},
isbn={978-3-642-33337-8},
booktitle={Research in Attacks, Intrusions, and Defenses},
volume={7462},
series={Lecture Notes in Computer Science},
editor={Balzarotti, Davide and Stolfo, SalvatoreJ. and Cova, Marco},
doi={10.1007/978-3-642-33338-5_10},
title={Proactive Discovery of Phishing Related Domain Names},
url={http://dx.doi.org/10.1007/978-3-642-33338-5_10},
publisher={Springer Berlin Heidelberg},
keywords={phishing; blacklisting; DNS probing; natural language},
author={Marchal, Samuel and François, Jérôme and State, Radu and Engel, Thomas},
pages={190-209}
}

@inproceedings{Wu:2005:ILF:1062745.1062762,
 author = {Wu, Baoning and Davison, Brian D.},
 title = {Identifying link farm spam pages},
 booktitle = {Special interest tracks and posters of the 14th international conference on World Wide Web},
 series = {WWW '05},
 year = {2005},
 isbn = {1-59593-051-5},
 location = {Chiba, Japan},
 pages = {820--829},
 numpages = {10},
 url = {http://doi.acm.org/10.1145/1062745.1062762},
 doi = {10.1145/1062745.1062762},
 acmid = {1062762},
 publisher = {ACM},
 address = {New York, NY, USA},
 keywords = {HITS, PageRank, link analysis, spam, web search engine},
} 

@inproceedings{Dhamija:2005:BAP:1073001.1073009,
 author = {Dhamija, Rachna and Tygar, J. D.},
 title = {The battle against phishing: Dynamic Security Skins},
 booktitle = {Proceedings of the 2005 symposium on Usable privacy and security},
 series = {SOUPS '05},
 year = {2005},
 isbn = {1-59593-178-3},
 location = {Pittsburgh, Pennsylvania},
 pages = {77--88},
 numpages = {12},
 url = {http://doi.acm.org/10.1145/1073001.1073009},
 doi = {10.1145/1073001.1073009},
 acmid = {1073009},
 publisher = {ACM},
 address = {New York, NY, USA},
}

@article{Bar-Yossef:2009:CDD:1462148.1462151,
 author = {Bar-Yossef, Ziv and Keidar, Idit and Schonfeld, Uri},
 title = {{Do not crawl in the DUST: Different URLs with similar text}},
 journal = {ACM Trans. Web},
 issue_date = {January 2009},
 volume = {3},
 number = {1},
 month = jan,
 year = {2009},
 issn = {1559-1131},
 pages = {3:1--3:31},
 articleno = {3},
 numpages = {31},
 url = {http://doi.acm.org/10.1145/1462148.1462151},
 doi = {10.1145/1462148.1462151},
 acmid = {1462151},
 publisher = {ACM},
 address = {New York, NY, USA},
 keywords = {Search engines, URL normalization, antialiasing, crawling, duplicate detection},
} 

% from arne's thesis:

@book{phishing,
	editor		= {Markus Jakobsson and Steven Myers},
	title			= {{Phishing and Countermeasures: Understanding the Increasing Problem of Electronic Identity Theft}},
	year			= {2007},
	publisher		= {Wiley-Interscience},
	address		= {Hoboken}
}

@book{taxis,
	author		= {Diego Gambetta and Heather Hamill},
	title			= {{Streetwise: How Taxi Drivers Establish Their Customers' Trustworthiness}},
	year			= {2005},
	publisher		= {Russel Sage Foundation},
	address		= {New York}
}

@book{codes,
	author		= {Diego Gambetta},
	title			= {{Codes of the Underworld: How Criminals Communicate}},
	year			= {2009},
	publisher		= {Princeton University Press},
	address		= {Woodstock}
}

@incollection{signs,
	author		= {Michael Bacharach and Diego Gambetta},
	title			= {{Trust in Signs}},
	year			= {2001},
	editor		= {Karen S. Cook},
	booktitle		= {Trust in Society},
	pages		= {148--184},
	publisher		= {Russell Sage Foundation},
	address		= {New York}
}

@incollection{mimicry,
	author		= {Diego Gambetta},
	title			= {{Deceptive Mimicry in Humans}},
	year			= {2005},
	editor		= {Susan Hurley and Nick Chater},
	booktitle		= {Perspectives on Imitation: From Neuroscience to Social Science},
	volume		= {2},
	pages		= {221--241},
	publisher		= {MIT Press},
	address		= {Cambridge}
}

@article{ethics,
	author		= {P. Finn and M. Jakobsson},
	title			= {{Designing Ethical Phishing Experiments}},
	year			= {2007},
	journal		= {IEEE Technology and Society Magazine},
	volume		= {26},
	number		= {1},
	pages		= {46--58}
}

@article{johnny,
	author		= {Ponnurangam Kumaraguru and Steve Sheng and Alessandro Acquisti and Lorrie Faith Cranor and Jason Hong},
	title			= {{Teaching Johnny Not to Fall for Phish}},
	year			= {2010},
	journal		= {ACM Transactions on Internet Technology},
	volume		= {10},
	number		= {2},
	pages		= {7:1--7:31}
}

@inproceedings{externalities,
	author		= {Cormac Herley},
	title			= {{So Long, and No Thanks for the Externalities: The Rational Rejection of Security Advice by Users}},
	booktitle		= {2009 Workshop on New Security Paradigms},
	year			= {2009},
	address		= {Oxford},
	pages		= {133--144}
}

@inproceedings{demographics,
	author		= {Steve Sheng and Mandy Holbrook and Ponnurangam Kumaraguru and Lorrie Cranor and Julie Downs},
	title			= {{Who Falls for Phish? A Demographic Analysis of Phishing Susceptibility and Effectiveness of Interventions}},
	booktitle		= {28th International Conference on Human Factors in Computing Systems},
	year			= {2010},
	address		= {Atlanta},
	pages		= {373--382}
}

@INPROCEEDINGS{mimicryattack,
author={Wagner, D. and Dean, R.},
booktitle={2001 IEEE Symposium on Security and Privacy},
title={{Intrusion Detection via Static Analysis}},
year={2001},
address={Oakland},
pages={156--168}
}

@inproceedings{speech,
author = {A. Eriksson and P. Wretling},
title = {{How Flexible is the Human Voice? A Case Study of Mimicry}},
booktitle = {5th European Conference on Speech Technology},
year = {1997},
address = {Rhodes},
pages = {1043--1046}
}

@ARTICLE{gait,
author={Gafurov, D. and Snekkenes, E. and Bours, P.},
journal={IEEE Transactions on Information Forensics and Security},
title={{Spoof Attacks on Gait Authentication System}},
year={2007},
volume={2},
number={3},
pages={491--502}
}

@book{apa,
author = {{American Psychological Association} },
title = {{Ethical Principles of Psychologists and Code of Conduct 2002}},
publisher = {APA},
year = {2002},
address = {Washington}
}

@INPROCEEDINGS{spoof,
author={Yampolskiy, R.V.},
booktitle={5th International Conference on Information Technology: New Generations},
title={{Mimicry Attack on Strategy-Based Behavioural Biometric}},
year={2008},
pages={916--921},
address={Las Vegas}
}

@misc{measuring,
	author = {Tyler Moore and Richard Clayton},
	title = {{How Hard Can It Be to Measure Phishing?}},
	note={Position paper submitted to \emph{Mapping and Measuring Cybercrime}, Oxford, 2010}
	}

@article{masquerade,
author = "Juan E. Tapiador and John A. Clark",
title = {{Masquerade Mimicry Attack Detection: A Randomised Approach}},
year = "2011",
journal = "Computers \& Security",
volume = "30",
number = "5",
pages = "297--310"
}

@book{exposed,
author={Lance James},
title={{Pishing Exposed}},
publisher={Syngress Publishing},
year={2005},
address={Rockland}
}

@INPROCEEDINGS{router,
    author = {Alex Tsow},
    title = {{Phishing with Consumer Electronics: Malicious Home Routers}},
    booktitle = {15th International World Wide Web Conference},
    year = {2006},
    pages = {22--26},
    address={Edinburgh
}

@ARTICLE{def,
author={Larcom, G. and Elbirt, A.J.},
journal={IEEE Technology and Society Magazine},
title={{Gone Phishing}},
year={2006},
volume={25},
number={3},
pages={52--55}
}

@ARTICLE{fight,
author={Geer, D.},
journal={Computer},
title={{Security Technologies Go Phishing}},
year={2005},
volume={38},
number={6},
pages={18--21}
}

@inproceedings{phish,
author={David Harley and Andrew Lee},
title={{Phish Phodder: Is User Education Helping or Hindering?}},
booktitle={Virus Bulletin Conference},
year={2007},
pages={1--7},
address={Vienna}
}

@article{social,
 author = {Jagatic, Tom N. and Johnson, Nathaniel A. and Jakobsson, Markus and Menczer, Filippo},
 title = {{Social Phishing}},
 journal = {Communications of the ACM},
 volume = {50},
 number = {10},
 year = {2007},
 pages = {94--100}
} 

@book{cutting,
 author={Rachael Lininger and Russell Dean Vines},
 title={{Phishing: Cutting the Identity Theft Line}},
 publisher={Wiley Publishing},
 year={2005},
 address={Indianapolis}
}

@book{27000,
 author={{ISO/IEC 27000:2009}},
 title={{Information technology -- Security techniques -- Information security management systems -- Overview and vocabulary}},
 publisher={{International Organisation for Standardisation}},
 year={{2009}}
 }
 
 @book{fips200,
 author={{FIPS 200}},
 title={{Minimum Security Requirements for Federal Information and Information Systems}},
 publisher={{National Institute of Standards and Technology}},
 year={2006}
}

@book{fips201,
 author={{FIPS 201}},
 title={{Personal Identity Verification of Federal Employees and Contractors}},
 publisher={{National Institute of Standards and Technology}},
 year={2005}
}

@book{fips190,
 author={{FIPS 190}},
 title={{Guideline for the Use of Advanced Authentication Technology Alternatives}},
 publisher={{National Institute of Standards and Technology}},
 year={1994}
}

@book{ox,
 author={{Oxford Dictionaries}},
 title={Credential},
 publisher={Oxford University Press},
 year={April 2010},
 note={http://oxforddictionaries.com, accessed 29 July 2011}
 }
 
 @book{gollmann,
 author={Dieter Gollmann},
 title={{Computer Security}},
 publisher={Wiley Publishing},
 year={2006},
 edition={second},
 address={Indianapolis}
}

@inproceedings{modelling,
 author = {Markus Jakobsson},
 title = {{Modelling and Preventing Phishing Attacks}},
booktitle = {9th International Conference on Financial Cryptography and Data Security},
 year = {2005},
 address={Roseau}
}

@inproceedings{transactions,
  title={{Trust Modelling for Online Transactions: A Phishing Scenario}},
  author={Kumaraguru, P. and Acquisti, A. and Cranor, L. F.},
  booktitle={{2006 International Conference on Privacy, Security and Trust}},
  pages={11:1--11:9},
  year={2006},
  address={Markham}
}

@inproceedings{auth,
  title={{Threat Modelling in User Performed Authentication}},
  author={Dong, X. and Clark, J. A. and Jacob, J.},
  booktitle={10th International Conference on Information and Communications Security},
  pages={49--64},
  year={2008},
  address={Birmingham}
}

@inproceedings{interactions,
 title={{Modelling User-Phishing Interaction}},
 author={Xun Dong and J. A. Clark and J. Jacob},
 booktitle={2008 Conference on Human System Interaction},
 pages={627--632},
 year={2008},
 address={Krakow}
}

@inproceedings{404,
title={{Anti-Phishing Landing Page: Turning a 404 into a Teachable Moment for End Users}},
author={Ponnurangam Kumaraguru and Lorrie Faith Cranor and Laura Mather},
booktitle={6th Conference on Email and Anti-Spam},
year={2009},
address={Mountain View}
}

@inproceedings{passpet,
 title={{Passpet: Convenient Password Management and Phishing Protection}},
 author={Ka-Ping Yee and Kragen Sitaker},
 booktitle={Symposium On Usable Privacy and Security 2006},
 pages={32--43},
 year={2006},
 address={Pittsburgh}
}

@inproceedings{wallet,
 title={{Web Wallet: Preventing Phishing Attacks by Revealing User Intentions}},
 author={Min Wu and Robert C. Miller and Greg Little},
 booktitle={Symposium On Usable Privacy and Security 2006},
 pages={102--113},
 year={2006},
 address={Pittsburgh}
}

@inproceedings{hong2013keeping,
  title={Keeping Up With The Joneses Assessing Phishing Susceptibility in an Email Task},
  author={Hong, Kyung Wha and Kelley, Christopher M and Tembe, Rucha and Murphy-Hill, Emerson and Mayhorn, Christopher B},
  booktitle={Proceedings of the Human Factors and Ergonomics Society Annual Meeting},
  volume={57},
  number={1},
  pages={1012--1016},
  year={2013},
  organization={SAGE Publications}
}

@inproceedings{mohebzada2012phishing,
  title={Phishing in a university community: Two large scale phishing experiments},
  author={Mohebzada, JG and El Zarka, A and Bhojani, Arsalan H and Darwish, Ali},
  booktitle={Innovations in Information Technology (IIT), 2012 International Conference on},
  pages={249--254},
  year={2012},
  organization={IEEE}
}


@inproceedings{warnings,
 title={{You've Been Warned: An Empirical Study of the Effectiveness of Web Browser Phishing Warnings}},
 author={Serge Egelman and Lorrie Faith Cranor and Jason Hong},
 booktitle={CHI 2008 Conference on Human Factors in Computing Systems},
 pages={1065--1074},
 year={2008},
 address={Florence}
}

@inproceedings{toolbars,
 title={{Do Security Toolbars Actually Prevent Phishing Attacks?}},
 author={Min Wu and Robert C. Miller and Simson L. Garfinkel},
 booktitle={CHI 2006 Conference on Human Factors in Computing Systems},
 pages={601--610},
 year={2006},
 address={Montreal}
}

@inproceedings{why,
 title={{Why Phishing Works}},
 author={Rachna Dhamija and J. D. Tygar and Marti Hearst},
 booktitle={CHI 2006 Conference on Human Factors in Computing Systems},
 pages={581--590},
 year={2006},
 address={Montreal}
}

@inproceedings{skins,
 title={{The Battle Against Phishing: Dynamic Security Skins}},
 author={Rachna Dhamija and J.D. Tygar},
 booktitle={Symposium On Usable Privacy and Security 2005},
 pages={77--88},
 year={2005},
 address={Pittsburgh}
}

@inproceedings{indicators,
 title={{What Instills Trust? A Qualitative Study of Phishing}},
 author={Markus Jakobsson and Alex Tsow and Ankur Shah and Eli Blevis and Youn-Kyung Lim},
 booktitle={11th International Conference on Financial cryptography and 1st International Conference on Usable Security},
 pages={356--361},
 year={2007},
 address={Scarborough}
}

@inproceedings{fail,
 author = {Ross Anderson},
 title = {{Why Cryptosystems Fail}},
 booktitle = {1st ACM Conference on Computer and Communications Security},
 year = {1993},
 address = {Fairfax},
 pages = {215--227}
} 

@article{scams,
 author = {Frank Stajano and Paul Wilson},
 title = {{Understanding Scam Victims: Seven Principles for Systems Security}},
 journal = {Communications of the ACM},
 volume = {54},
 number = {3},
 year = {2011},
 pages = {70--75}
}

@inproceedings{tools,
author = {Yue Zhang and Serge Egelman and Lorrie Faith Cranor and Jason Hong},
title = {{Phinding Phish: Evaluating Anti-Phishing Tools}},
booktitle = {14th Annual Network and Distributed System Security Symposium},
year = {2007},
address = {San Diego}
}

@inproceedings{intervention,
 author = {Abdullah Alnajim and Malcolm Munro},
 title = {{An Anti-Phishing Approach that Uses Training Intervention for Phishing Websites Detection}},
 booktitle = {6th International Conference on Information Technology: New Generations},
 year = {2009},
 pages = {405--410},
 address = {Los Alamitos}
}

@inproceedings{behavioural,
author = {P. A. Watters},
title = {{Why Do Users Trust the Wrong Messages? A Behavioural Model of Phishing}},
booktitle = {4th APWG eCRIME Researcher's Summit},
year = {2009},
pages = {1--7},
address = {Tacoma}
}

@inproceedings{hip,
author = {Rachna Dhamija and J. Tygar},
title = {{Phish and HIPS: Human Interactive Proofs to Detect Phishing Attacks}},
booktitle = {2nd International Workshop of Human Interactive Proofs},
year = {2005},
pages = {127--141},
address = {Bethlehem}
}

@inproceedings{untrusted,
author = {Chris J. Mitchell},
title = {{Using Human Interactive Proofs to Secure Human-Machine Interactions via Untrusted Intermediaries}},
booktitle = {14th International Workshop on Security Protocols},
year = {2006},
pages = {164--170},
address = {Cambridge}
}

@inproceedings{phoolproof,
author = {Bryan Parno and Cynthia Kuo and Adrian Perrig},
title = {{Phoolproof Phishing Prevention}},
booktitle = {10th International Conference on Financial Cryptography and Data Security},
year = {2006},
pages = {1--19},
address = {Anguilla}
}

@inproceedings{content,
author = {Yue Zhang and Jason Hong and Lorrie Faith Cranor},
title = {{CANTINA: A Content-Based Approach to Detecting Phishing Web Sites}},
booktitle = {16th International World Wide Web Conference},
year = {2007},
pages = {639--648},
address = {Banff}
}

@inproceedings{detect,
author = {Christian Ludl and Sean McAllister and Engin Kirda and Christopher Kruegel},
title = {{On the Effectiveness of Techniques to Detect Phishing Sites}},
booktitle = {8th International Conference on Detection of Intrusions and Malware, and Vulnerability Assessment},
year = {2007},
pages = {20--39},
address = {Luzuern}
}

@inproceedings{profitless,
author = {Cormac Herley and Dinei Florencio},
title = {{A Profitless Endeavor: Phishing as Tragedy of the Commons}},
booktitle = {2008 Workshop on New Security Paradigms},
year = {2008},
pages = {59--70},
address = {Lake Tahoe}
}

@inproceedings{operandi,
author = {D. K. McGrath and M. Gupta},
title = {{Behind Phishing: An Examination of Phisher Modi Operandi}},
booktitle = {1st Usenix Workshop on Large-Scale Exploits and Emergent Threats},
year = {2008},
pages = {4:1--4:8},
address = {San Francisco}
}

@inproceedings{takedown,
author = {Tyler Moore and Richard Clayton},
title = {{Examining the Impact of Website Take-down on Phishing}},
booktitle = {2nd APWG eCRIME Researcher's Summit},
year = {2007},
pages = {1--13},
address = {Pittsburgh}
}

@book{ripoff,
author = {Steve Strid and Claes Andreasson},
title = {{The Viking Manifesto: The Scandinavian Approach to Business and Blasphemy}},
publisher = {Marshall Cavendish},
year = {2008},
address = {London}
}

@article{mechanics,
author = {Jens Riegelsberger and M. Angela Sasse and John D. McCarthy},
title = {{The Mechanics of Trust: A Framework for Research and Design}},
journal = {International Journal of Human-Computer Studies},
year = {2005},
volume = {62},
number = {3},
pages = {381--422}
}

@inproceedings{peril,
author = {Jens Riegelsberger and M. Angela Sasse},
title = {{Ignore These at Your Peril: Ten Principles for Trust Design}},
booktitle = {3rd International Conference on Trust and Trustworthy Computing},
year = {2010},
address = {Berlin}
}

@inproceedings{anti,
author = {Dinei Florencio and Cormac Herley},
title = {{Analysis and Improvement of Anti-Phishing Schemes}},
year = {2006},
pages = {148--157},
booktitle = {IFIP TC-11 21st International Information Security Conference},
address = {Karlstad}
}

@inproceedings{anthropology,
author = {Ross Anderson and Frank Staja},
title = {{It's the Anthropology, Stupid!}},
year = {2010},
booktitle = {Workshop on Security and Human Behaviour},
address = {Cambridge}
}

@inproceedings{assurances,
author = {Leslie John and Alessandro Acquisti and George Loewenstein},
title = {{The Best of Strangers: Context-dependent Willingness to Divulge Personal Information}},
year = {2009},
booktitle = {5th Annual Whitebox Advisors Graduate Student Conference},
address = {New Haven}
}

@incollection{behavecon,
author = {Alessandro Acquisti and Jens Grossklags},
title = {{Digital Privacy: Theory, Technologies and Practices}},
year = {2007},
pages = {363--377},
booktitle = {Digital Privacy: Theory, Technologies and Practices},
publisher = {Auerbach Publications},
address = {Boca Raton}
}

@inproceedings{bookmarks,
author = {D. K. Smetters and P. Stewart},
title = {{Breaking out of the Browser to Defend Against Phishing Attacks}},
year = {2008},
booktitle = {5th Conference on Email and Anti-Spam},
address = {Mountain View}
}

@article{bounded,
author = {Colin Camerer},
title = {{Bounded Rationality in Individual Decision Making}},
year = {1998},
pages = {163--183},
journal = {Experimental Economics},
volume = {1},
number = {2}
}

@inproceedings{broader,
author = {Matt Blaze},
title = {{Toward a Broader View of Security Protocols}},
year = {2004},
pages = {106--120},
booktitle = {12th International Workshop on Security Protocols},
address = {Cambridge}
}

@inproceedings{conceptions,
author = {Batya Friedman and David Hurley and Daniel C. Howe and Edward Felten and Helen Nissenbaum},
title = {{Users' Conceptions of Web Security: A Comparative Study}},
year = {2002},
pages = {746--747},
booktitle = {CHI 2001 Conference on Human Factors in Computing Systems},
address = {Minneapolis}
}

@inproceedings{cookie,
author = {Sebastian Gajek and Mark Manulis and Jorg Schwenk},
title = {{Enforcing User-Aware Browser-Based Mutual Authentication with Strong Locked Same Origin Policy}},
year = {2008},
pages = {6--20},
booktitle = {13th Australian Conference on Information Security and Privacy},
address = {Wollongong}
}

@article{cryptotrust,
author = {Richard Walton},
title = {{Cryptography and Trust}},
year = {2006},
pages = {68--71},
journal = {Information Security Technical Report},
volume = {11},
number = {2}
}

@techreport{design,
author = {Ka-Ping Yee},
title = {{User Interaction Design for Secure Systems}},
year = {2002},
institution = {University of California, Berkeley},
number = {UCB/CSD-02-1184}
}

@inproceedings{detection,
author = {Ernst Bekkering and Dan Hutchison and Laurie A. Werner},
title = {{A Follow-up Study of Detecting Phishing Emails}},
year = {2009},
booktitle = {Conference on Information Systems Applied Research 2009},
address = {Washington DC}
}

@inproceedings{distributed,
author = {Markus Jakobsson and Adam Young},
title = {{Distributed Phishing Attacks}},
year = {2005},
booktitle = {US Department of Treasury Workshop on Resilient Financial Information Systems},
address = {Washington DC}
}

@inproceedings{dns,
author = {Saeed Abu-Nimeh and Suku Nair},
title = {{Bypassing Security Toolbars and Phishing Filters via DNS Poisoning}},
year = {2008},
pages = {1--6},
booktitle = {2008 IEEE Global Telecommunications Conference},
address = {New Orleans}
}

@article{economics,
author = {Tyler Moore and Richard Clayton and Ross Anderson},
title = {{The Economics of Online Crime}},
year = {2009},
pages = {3--20},
journal = {Journal of Economic Perspectives},
volume = {23},
number = {3}
}

@article{enemy,
author = {Anne Adams and Martina Angela Sasse},
title = {{Users Are Not the Enemy}},
year = {199},
pages = {40--46},
journal = {Communications of the ACM},
volume = {42},
number = {12}
}

@inproceedings{enhanced,
author = {Jason Wells and Damien Hutchinson and Justin Pierce},
title = {{Enhanced Security for Preventing Man-in-the- Middle Attacks in Authentication, Data Entry and Transaction Verification}},
year = {2008},
booktitle = {6th Australian Information Security Management Conference},
address = {Perth}
}

@inproceedings{ethics2,
author = {Tyler Moore and Richard Clayton},
title = {{Ethical Dilemmas in Take-down Research}},
year = {2011},
booktitle = {2nd Workshop on the Ethics of Computer Security Research},
address = {St. Lucia}
}

@inproceedings{export,
author = {Daisuke Miyamoto and Hiroaki Hazeyama and Youki Kadobayashi},
title = {{SPS: A Simple Filtering Algorithm to Thwart Phishing Attacks}},
year = {2005},
pages = {195--209},
booktitle = {1st Asian Internet Engineering Conference},
address = {Bangkok}
}

@incollection{factors,
author = {Hal Berghel and James Carpinter and Ju-Yeon Jo},
title = {{Phish Phactors: Offensive and Defensive Strategies}},
year = {2007},
pages = {223--268},
booktitle = {Advances in Computers, volume 70},
publisher = {Academic Press},
address = {London}
}

@inproceedings{fingerprint,
author = {Pravin Prabhu and Ameen Akel and Laura M. Grupp and Wing-Kei S. Yu and G. Edward Suh and Edwin Kan and Steven Swanson},
title = {{Extracting Device Fingerprints from Flash Memory by Exploiting Physical Variations}},
year = {2011},
pages = {188--201},
booktitle = {4th International Conference on Trust and Trustworthy Computing},
address = {Pittsburgh}
}

@inproceedings{forensics,
author = {Sebastian Gajek and Ahmad-Reza Sadeghi},
title = {{A Forensic Framework for Tracing Phishers}},
year = {2008},
pages = {23--35},
booktitle = {International Federation for Information Processing, volume 262},
address = {Karlstad}
}

@misc{game,
author = {Avinash Dixit},
title = {\emph{{A Game-Theoretic Perspective on Diego Gambetta's Codes of the Underworld}}},
note = {Paper presented at the book-launch conference for Codes of the Underworld, Oxford, 2010}
}

@inproceedings{gameanal,
author = {Grossklags, Jens and Christin, Nicolas and Chuang, John},
title = {{Secure or Insure? A Game-Theoretic Analysis of Information Security Games}},
year = {2008},
pages = {209--218},
booktitle = {17th International World Wide Web Conference},
address = {Beijing}
}

@inproceedings{human,
author = {Markus Jakobsson},
title = {{The Human Factor in Phishing}},
year = {2007},
booktitle = {6th National Forum on Privacy and Security of Consumer Information},
address = {New York}
}

@article{iden,
author = {Emilio Mordini and Carlo Petrini},
title = {{Ethical and Social Implications of Biometric Identification Technology}},
year = {2007},
pages = {5--11},
journal = {Ann Ist Super Sanita},
volume = {43},
number = {5}
}

@inproceedings{ids,
author = {Hasika Pamunuwa and Duminda Wijesekera and Csilla Farkas},
title = {{An Intrusion Detection System for Detecting Phishing Attacks}},
year = {2007},
pages = {181--192},
booktitle = {2007 SIAM International Conference on Data Mining},
address = {Minneapolis}
}

@incollection{incentives,
author = {Tyler Moore and Richard Clayton},
title = {{The Impact of Incentives on Notice and Take-down}},
year = {2009},
pages = {199--223},
booktitle = {Managing Information Risk and the Economics of Security},
publisher = {Springer Science},
address = {New York}
}

@inproceedings{information,
author = {Jens Grossklags and Benjamin Johnson and Nicolas Christin},
title = {{When Information Improves Information Security}},
year = {2010},
pages = {ens Grossklags and Benjamin Johnson and Nicolas Christin},
booktitle = {14th International Conference on Financial Cryptography and Data Security},
address = {Tenerife}
}

@article{informatisation,
author = {Irma van der Ploeg},
title = {{Genetics, Biometrics and the Informatisation of the Body}},
year = {2007},
pages = {44--50},
journal = {Ann Ist Super Sanita},
volume = {43},
number = {1}
}

@inproceedings{intent,
author = {Jeffrey Shirley and David Evans},
title = {{The User is Not the Enemy: Fighting Malware by Tracking User Intentions}},
year = {2008},
pages = {33--45},
booktitle = {2008 Workshop on New Security Paradigms},
address = {Lake Tahoe}
}

@inproceedings{internet,
author = {S. Hofmeyr and T. Moore and S. Forrest and B. Edwards and G. Stelle},
title = {{Modelling Internet-Scale Policies for Cleaning up Malware}},
year = {2011},
booktitle = {10th Workshop on the Economics of Information Security},
address = {Fairfax}
}

@inproceedings{lying,
author = {Hancock, Jeffrey T. and Thom-Santelli, Jennifer and Ritchie, Thompson},
title = {{Deception and Design: The Impact of Communication Technology on Lying Behaviour}},
year = {2004},
pages = {129--134},
booktitle = {CHI 2004 Conference on Human Factors in Computing Systems},
address = {Vienna}
}

@incollection{machine,
author = {Ram Basnet and Srinivas Mukkamala and Andrew H. Sung},
title = {{Detection of Phishing Attacks: A Machine Learning Approach}},
year = {2008},
pages = {373--383},
booktitle = {Soft Computing Applications in Industry},
publisher = {Springer-Verlag},
address = {Berlin}
}

@techreport{malware,
author = {Moheeb Abu Rajab and Lucas Ballard and Nav Jagpal and Panayiotis Mavrommatis and Daisuke Nojiri and Niels Provos and Ludwig Schmidt},
title = {{Trends in Circumventing Web-Malware Detection}},
institution = {Google},
year = {2011}
}

@inproceedings{measurement,
author = {Garera, Sujata and Provos, Niels and Chew, Monica and Rubin, Aviel D.},
title = {{A Framework for Detection and Measurement of Phishing Attacks}},
year = {2007},
pages = {1--8},
booktitle = {2007 ACM Workshop on Recurring Malcode},
address = {Alexandria}
}

@inproceedings{mediabias,
author = {Riegelsberger, Jens and Sasse, M. Angela and McCarthy, John D.},
title = {{Do People Trust Their Eyes More Than Ears? Media Bias in Detecting Cues of Expertise}},
year = {2005},
pages = {1745--1748},
booktitle = {CHI 2005 Conference on Human Factors in Computing Systems},
address = {Portland}
}

@inproceedings{misuse,
author = {Stebila, Douglas},
title = {{Reinforcing Bad Behaviour: The Misuse of Security Indicators on Popular Websites}},
year = {2010},
pages = {248--251},
booktitle = {OzCHI 2010},
address = {Brisbane}
}

@inproceedings{mousedyn,
author = {Zach Jorgensen and Ting Yu},
title = {{On Mouse Dynamics as a Behavioral Biometric for Authentication}},
year = {2011},
pages = {476--482},
booktitle = {6th ACM Symposium on Information, Computer and Communications Security},
address = {Hong Kong}
}

@inproceedings{mousemov,
author = {Pusara, Maja and Brodley, Carla E.},
title = {{User Re-Authentication via Mouse Movements}},
year = {2004},
pages = {1--8},
booktitle = {2004 ACM Workshop on Visualisation and Data Mining for Computer Security},
address = {Washington DC}
}

@article{networks,
author = {M. E. J. Newman},
title = {{The Structure and Function of Complex Networks}},
year = {2003},
pages = {167--259},
journal = {SIAM Review},
volume = {45},
number = {2}
}

@inproceedings{conti2010malicious,
  title={Malicious interface design: exploiting the user},
  author={Conti, Gregory and Sobiesk, Edward},
  booktitle={Proceedings of the 19th international conference on World wide web},
  pages={271--280},
  year={2010},
  organization={ACM}
}


@inproceedings{overload,
author = {Gregory Conti and Mustaque Ahamad and John Stasko},
title = {{Attacking Information Visualization System Usability Overloading and Deceiving the Human}},
year = {2005},
pages = {89--100},
booktitle = {Symposium On Usable Privacy and Security 2005},
address = {Pittsburgh}
}

@article{paths,
author = {Zishuang Ye and Sean Smith and Denise Anthony},
title = {{Trusted Paths for Browsers}},
year = {2005},
pages = {153--186},
journal = {ACM Transactions on Information and System Security},
volume = {8},
number = {2}
}

@article{piece,
author = {Anton Alterman},
title = {{`A Piece of Yourself': Ethical Issues in Biometric Identification}},
year = {2003},
pages = {139--150},
journal = {Ethics and Information Technology},
volume = {5},
number = {3}
}

@article{privrat,
author = {Acquisti, Alessandro and Grossklags, Jens},
title = {{Privacy and Rationality in Individual Decision Making}},
year = {2005},
pages = {26--33},
journal = {IEEE Security and Privacy},
volume = {3},
number = {1}
}

@inproceedings{protocols,
author = {Richard Clayton},
title = {{Insecure Real-World Authentication Protocols (or Why Phishing Is So Profitable)}},
year = {2005},
pages = {89--96},
booktitle = {13th international conference on Security protocols},
address = {Cambridge}
}

@inproceedings{response,
author = {Chandrasekaran, Madhusudhanan and Chinchani, Ramkumar and Upadhyaya, Shambhu},
title = {{PHONEY: Mimicking User Response to Detect Phishing Attacks}},
year = {2006},
pages = {668--672},
booktitle = {2006 International Symposium on on World of Wireless, Mobile and Multimedia Networks},
address = {Niagara-Falls}
}

@inproceedings{risk,
author = {Kim, Young-Gab and Cho, Sanghyun and Lee, Jun-Sub and Lee, Min-Soo and Kim, In Ho and Kim, Sung Hoon},
title = {{Method for Evaluating the Security Risk of a Website Against Phishing Attacks}},
year = {2008},
pages = {21--31},
booktitle = {IEEE ISI 2008 International Workshops on Intelligence and Security Informatics},
address = {Taipei}
}

@inproceedings{searching,
author = {Tyler Moore and Richard Clayton},
title = {{Evil Searching: Compromise and Recompromise of Internet Hosts for Phishing}},
year = {2009},
pages = {256--272},
booktitle = {13th International Conference on Financial Cryptography and Data Security},
address = {Barbados}
}

@inproceedings{service,
author = {Tim Converse},
title = {{CAPTCHA Generation as a Web Service}},
year = {2005},
pages = {82--96},
booktitle = {2nd International Workshop on Human Interactive Proofs},
address = {Bethlehem}
}

@inproceedings{status,
author = {Tyler Moore and Richard Clayton},
title = {{An Empirical Analysis of the Current State of Phishing Attack and Defence}},
year = {2007},
booktitle = {6th Workshop on the Economics of Information Security},
address = {Pittsburgh}
}

@inproceedings{studies,
author = {Serge Egelman and Jen King and Robert C. Miller and Nick Ragouzis and Erika Shehan},
title = {{Security User Studies: Methodologies and Best Practices}},
year = {2007},
pages = {2833--2836},
booktitle = {CHI 2007 Conference on Human Factors in Computing Systems},
address = {San Jose}
}

@inproceedings{touch,
author = {Zheng, Jun and Veinott, Elizabeth and Bos, Nathan and Olson, Judith S. and Olson, Gary M.},
title = {{Trust without Touch: Jumpstarting Long-Distance Trust with Initial Social Activities}},
year = {2002},
pages = {141--146},
booktitle = {CHI 2002 Conference on Human Factors in Computing Systems},
address = {Minneapolis}
}

@inproceedings{trust-assurance,
author = {Flechais, Ivan and Riegelsberger, Jens and Sasse, M. Angela},
title = {{Divide and Conquer: The Role of Trust and Assurance in the Design of Secure Socio-Technical Systems}},
year = {2005},
pages = {33--41},
booktitle = {2005 Workshop on New Security Paradigms},
address = {Lake Arrowhead}
}

@article{trustdeception,
author = {Cristiano Castelfranchi and Yao-Hua Tan},
title = {{The Role of Trust and Deception in Virtual Societies}},
year = {2002},
pages = {55--70},
journal = {International Journal of Electronic Commerce},
volume = {6},
number = {3}
}

@inproceedings{trustrisk,
author = {Baptiste Alcalde and Eric Dubois and Sjouke Mauw and Nicolas Mayer and Sasa Radomirovic},
title = {{Towards a Decision Model Based on Trust and Security Risk Management}},
year = {2009},
pages = {61--70},
booktitle = {7th Australasian Information Security Conference },
address = {Wellington}
}

@inproceedings{untrusted-disc,
author = {Chris J. Mitchell},
title = {{Using Human Interactive Proofs to Secure Human-Machine Interactions via Untrusted Intermediaries (Transcript of Discussion)}},
year = {2006},
pages = {171--176},
booktitle = {14th International Workshop on Security Protocols}},
address = {Cambridge}
}

@incollection{usabtrust,
author = {M. A. Sasse},
title = {{Usability and Trust in Information Systems}},
year = {2005},
pages = {319--349},
booktitle = {Trust and Crime in Information Societies},
publisher = {Edward Elgar Publishing},
address = {Northampton}
}

@inproceedings{visualisation,
author = {Adrian Perrig and Dawn Song},
title = {{Hash Visualisation: A New Technique to Improve Real-World Security}},
year = {1999},
booktitle = {International Workshop on Cryptographic Techniques and E-Commerce},
address = {Hong Kong}
}

@article{walk,
author = {Aurelie Nicholas and Stuart Brody and Pascal de Sutter and Francois de Carufel},
title = {{A Woman's History of Vaginal Orgasm is Discernible from Her Walk}},
year = {2008},
pages = {2119--2124},
journal = {The Journal of Sexual Medicine},
volume = {5},
number = {9}
}

@inproceedings{weaklink,
author = {Grossklags, Jens and Christin, Nicolas and Chuang, John},
title = {{Predicted and Observed User Behaviour in the Weakest-Link Security Game}},
year = {2008},
pages = {8:1--8:6},
booktitle = {1st Conference on Usability, Psychology, and Security},
address = {San Francisco}
}

@inproceedings{whyauth,
author = {Mark Lomas},
title = {{Why Are We Authenticating (Transcript of Discussion)}},
year = {2004},
pages = {291--298},
booktitle = {12th International Workshop on Security Protocols},
address = {Cambridge}
}

@inproceedings{zero,
author = {Xiang, Guang and Pendleton, Bryan A. and Hong, Jason and Rose, Carolyn P.},
title = {{A Hierarchical Adaptive Probabilistic Approach for Zero Hour Phish Detection}},
year = {2010},
pages = {268--285},
booktitle = {15th European Conference on Research in Computer Security},
address = {Athens}
}

@inproceedings{stopdistributed,
author = {Alex Tsow and Markus Jakobsson and Filippo Menczer},
title = {{Stopping Distributed Phishing Attacks}},
year = {2006},
booktitle = {5th Workshop on the Economics of Information Security},
address = {Cambridge}
}

@book{pia,
author = {{ICO}},
title = {{Privacy Impact Assessment Handbook, version 2}},
year = {2009},
address = {Wilmslow},
publisher = {Information Commissioner's Office},
}

@book{pbrd,
author = {Ann Cavoukian and Marilyn Prosch},
title = {{Privacy by ReDesign: Building a Better Legacy}},
year = {2011},
address = {Ontario},
publisher = {Information and Privacy Commissioner}
}

@inproceedings{pbd,
author = {Seda Gurses and Carmela Troncoso and Claudia Diaz},
title = {{Engineering Privacy by Design}},
year = {2011},
booktitle = {4th International Conference on Computers, Privacy, and Data Protection},
address = {Brussels}
}

@inproceedings{iphone,
author = {Nitesh Dhanjani},
title = {{New Age Application Attacks Against Apple's iOS and Countermeasures}},
year = {2011},
booktitle = {Black Hat Europe 2011},
address = {Barcelona}
}

@inproceedings{lin2007,
author = {Lin, Eric and Greenberg, Saul and Trotter, Eileah and Ma, David and Aycock, John},
title = {{Does Domain Highlighting Help People Identify Phishing Sites?}},
year = {2011},
pages = {2075--2084},
booktitle = {CHI 2011 Conference on Human Factors in Computing Systems},
address = {Vancouver}
}

@inproceedings{emperor,
author = {Schechter, Stuart E. and Dhamija, Rachna and Ozment, Andy and Fischer, Ian},
title = {{The Emperor's New Security Indicators}},
year = {2007},
pages = {51--65},
booktitle = {2007 IEEE Symposium on Security and Privacy},
address = {Oakland}
}

@article{vectors,
author = {Chris Roberts},
title = {{Biometric Attack Vectors and Defences}},
year = {2007},
pages = {14--25},
journal = {Computers and Security},
volume = {26},
number = {1}
}

@book{explosion,
author = {Michael Power},
title = {{The Audit Explosion}},
year = {1994},
address = {London},
publisher = {Demos},
}

@book{everything,
author = {Michael Power},
title = {{The Risk Management of Everything: Rethinking the Politics of Uncertainty}},
year = {2004},
address = {London},
publisher = {Demos},
}

@article{pass,
author = {Jeffrey M. Stanton and Kathryn R. Stam and Paul Mastrangelo and
Jeffrey Jolton},
title = {{Analysis of End User Security Behaviour}},
year = {2005},
pages = {124--133},
journal = {Computers and Security},
volume = {24},
number = {2}
}

@article{principle,
author = {W. Pieters and A. van Cleef},
title = {{The Precautionary Principle in a World of Digital Dependencies}},
year = {2009},
pages = {50--56},
journal = {Computer},
volume = {42},
number = {6}
}

@article{bias,
author = {Stephen M. Garcia and Hyunjin Song and Abraham Tesser},
title = {{Tainted Recommendations: The Social Comparison Bias}},
year = {2010},
pages = {97--101},
journal = {Organisational Behaviour and Human Decision Processes},
volume = {113},
number = {2}
}

@techreport{prof,
author = {Irma van der Ploeg},
title = {{The Politics of Biometric Identification: Normative Aspects of Automated Social Categorisation}},
institution = {Institute for Healthcare Management and Policy, University Medical Centre Rotterdam},
year = {2005}
}

@misc{apwg,
author = {{APWG}},
title = {{Global Phishing Survey}},
note = {Anti-Phishing Working Group, 2008, 2009, 2010}
}

@misc{ukca,
author = {{UKCA}},
title = {{Fraud Losses Drop on UK Cards, Cheques and Online Banking}},
note = {UK Cards Association, Press release dated 9th Match 2011}
}

@article{lip,
author = {Stuart Brody and Rui Miguel Costa},
title = {{Vaginal Orgasm is More Prevalent Among Women with a Prominent Tubercle of the Upper Lip}},
year = {2011},
journal = {The Journal of Sexual Medicine},
volume = {Online publication before print}
}

@MISC{Doe:2009:Misc,
author = {Doe, Paul},
title = {This is a test test entry of type {@MISC}},
month = jun,
year = {2009},
url = {http://www.test.org/doe/}
}

@misc{ui,
author = {Nitesh Dhanjani},
title = {{UI Spoofing Safari on the iPhone}},
month = {November},
year = {2010},
howpublished={\emph{http://www.dhanjani.com/ blog/2010/11/ui-spoofing-safari-on-the-iphone-.html}}
}

@misc{bar,
author = {David Walsh},
title = {{Hide the Address Bar within Mobile Web Applications}},
month = {March},
year = {2011},
howpublished={\emph{http://davidwalsh.name/hide-address-bar}}
}

@article{maps,
author = {Daniel Kahneman},
title = {{Maps of Bounded Rationality: Psychology for Behavioural Economics}},
year = {2003},
pages = {1449-1475},
journal = {American Economic Review},
volume = {93},
number = {5}
}

@article{sat,
author = {Herbert A. Simon},
title = {{Rational Choice and the Structure of the Environment}},
year = {1956},
pages = {129--138},
journal = {Psychological Review},
volume = {63},
number = {2}
}

@book{int,
author = {Clayton Lewis and John Rieman },
title = {{Task-Centred User Interface Design: A Practical Introduction}},
year = {1993},
publisher = {University of Colorado},
}

% from gamze&clemens's thesis

@article{antiphishingglobalreport2013,
  title={APWG global phishing survey},
  author={Anti-Phishing Working Group and others},
  journal={Anti-Phishing Working Group},
  year={2013}
}

@article{antiphishingtrendreport2013,
  title={Phishing activity trends report},
  author={Anti-Phishing Working Group and others},
  journal={Anti-Phishing Working Group},
  year={2013}
}

@article{mcafee,
  title={The economic impact of cybercrime and cyber espionage},
  author={McAfee},
  journal={Center for Strategic and International Studies},
  year={2013}
}

@article{redcondor,
  title={Phishing for disaster: the cost of corporate ignorance},
  author={RedCondor Secure},
  journal={Whitepaper about the effects of corporate ignorance of phishing},
  year={2010}
}


@article{apwg2009landingpage,
  title={Phishing Education Landing Page Project},
  author={Anti-Phishing Working Group and CMU CUPS},
  journal={Anti-Phishing Working Group},
  year={2009}
}

@article{kasperskyreport2013,
  title={The evolution of phishing attacks: 2011-2013},
  author={Kaspersky Lab},
  journal={Kaspersky Lab},
  year={2013}
}

@article{rsa2013,
  title={Phishing kits - the same wolf, just a different sheep's clothing},
  author={RSA and ECM},
  journal={Fraud report},
  year={2013}
}

@article{bergholz2010new,
  title={New filtering approaches for phishing email},
  author={Bergholz, Andr{\'e} and De Beer, Jan and Glahn, Sebastian and Moens, Marie-Francine and Paa{\ss}, Gerhard and Strobel, Siehyun},
  journal={Journal of computer security},
  volume={18},
  number={1},
  pages={7--35},
  year={2010},
  publisher={IOS Press}
}

@inproceedings{chandrasekaran2006phishing,
  title={Phishing email detection based on structural properties},
  author={Chandrasekaran, Madhusudhanan and Narayanan, Krishnan and Upadhyaya, Shambhu},
  booktitle={NYS Cyber Security Conference},
  pages={1--7},
  year={2006}
}

@inproceedings{fette2007learning,
 author = {Fette, Ian and Sadeh, Norman and Tomasic, Anthony},
 title = {Learning to Detect Phishing Emails},
 booktitle = {Proceedings of the 16th International Conference on World Wide Web},
 series = {WWW '07},
 year = {2007},
 isbn = {978-1-59593-654-7},
 location = {Banff, Alberta, Canada},
 pages = {649--656},
 numpages = {8},
 url = {http://doi.acm.org/10.1145/1242572.1242660},
 doi = {10.1145/1242572.1242660},
 acmid = {1242660},
 publisher = {ACM},
 address = {New York, NY, USA},
 keywords = {email, filtering, learning, phishing, semantic attacks, spam},
} 



@article{olivo2011obtaining,
  title={Obtaining the threat model for e-mail phishing},
  author={Olivo, Cleber K. and Santin, Altair O. and Oliveira, Luiz S.},
  journal={Applied Soft Computing},
  year={2011},
  publisher={Elsevier}
}

@article{purkait2012phishing,
  title={Phishing counter measures and their effectiveness--literature review},
  author={Purkait, Swapan},
  journal={Information Management \& Computer Security},
  volume={20},
  number={5},
  pages={382--420},
  year={2012},
  publisher={Emerald Group Publishing Limited}
}

@inproceedings{ma2009beyond,
 author = {Ma, Justin and Saul, Lawrence K. and Savage, Stefan and Voelker, Geoffrey M.},
 title = {Beyond Blacklists: Learning to Detect Malicious Web Sites from Suspicious URLs},
 booktitle = {Proceedings of the 15th ACM SIGKDD International Conference on Knowledge Discovery and Data Mining},
 series = {KDD '09},
 year = {2009},
 isbn = {978-1-60558-495-9},
 location = {Paris, France},
 pages = {1245--1254},
 numpages = {10},
 url = {http://doi.acm.org/10.1145/1557019.1557153},
 doi = {10.1145/1557019.1557153},
 acmid = {1557153},
 publisher = {ACM},
 address = {New York, NY, USA},
 keywords = {L1-regularization, malicious web sites, supervised learning},
} 

@inproceedings{zhang2008highly,
  title={Highly Predictive Blacklisting.},
  author={Zhang, Jian and Porras, Phillip A and Ullrich, Johannes},
  booktitle={USENIX Security Symposium},
  pages={107--122},
  year={2008}
}

@INPROCEEDINGS{prakash2010phishnet, 
author={Prakash, Pawan and Kumar, Manish and Kompella, Ramana Rao and Gupta, Minaxi}, 
booktitle={INFOCOM, 2010 Proceedings IEEE}, 
title={PhishNet: Predictive Blacklisting to Detect Phishing Attacks}, 
year={2010}, 
pages={1-5}, 
keywords={Internet;computer crime;unsolicited e-mail;Internet;URL;approximate matching algorithm;blacklisting;phishing attack detection;Communications Society;Credit cards;Electronic commerce;Feeds;Humans;Information security;Internet;Law;Resilience;Uniform resource locators}, 
doi={10.1109/INFCOM.2010.5462216}, 
ISSN={0743-166X},}

@article{obied2009fraudulent,
year={2009},
issn={0924-669X},
journal={Applied Intelligence},
volume={30},
number={2},
doi={10.1007/s10489-007-0102-y},
title={Fraudulent and malicious sites on the web},
url={http://dx.doi.org/10.1007/s10489-007-0102-y},
publisher={Springer US},
keywords={Fraudulent; Malicious; Web; Phishing; Pharming; Malware; Spam; Search engines; Crawlers; Proxy},
author={Obied, Ahmed and Alhajj, Reda},
pages={112-120},
language={English}
}


@article{bakhshi2009social,
  title={Social engineering: assessing vulnerabilities in practice},
  author={Bakhshi, Taimur and Papadaki, Maria and Furnell, Steven},
  journal={Information management \& computer security},
  volume={17},
  number={1},
  pages={53--63},
  year={2009},
  publisher={Emerald Group Publishing Limited}
}

@ARTICLE{liu2006antiphishing, 
author={Wenyin Liu and Xiaotie Deng and Guanglin Huang and Fu, A.Y.}, 
journal={Internet Computing, IEEE}, 
title={An antiphishing strategy based on visual similarity assessment}, 
year={2006}, 
volume={10}, 
number={2}, 
pages={58-65}, 
keywords={Internet;computer crime;electronic mail;feature extraction;SiteWatcher system;antiphishing strategy;local email servers;potential phishing sites identification;suspicious pages;visual similarity assessment;Computer security;Electronic mail;Histograms;Internet;Protection;Prototypes;Uniform resource locators;Web page design;Web pages;Web server;Anti-Phishing;Security and Trust;Visual Similarity}, 
doi={10.1109/MIC.2006.23}, 
ISSN={1089-7801},}
}

@ARTICLE{chen2009fighting, 
author={Kuan-Ta Chen and Jau-Yuan Chen and Chun-Rong Huang and Chu-Song Chen}, 
journal={Internet Computing, IEEE}, 
title={Fighting Phishing with Discriminative Keypoint Features}, 
year={2009}, 
volume={13}, 
number={3}, 
pages={56-63}, 
keywords={computer crime;data privacy;Web pages;contrast context histogram;discriminative keypoint features;image-based antiphishing scheme;information security;online identity theft;personal privacy;social engineering;technical subterfuge;Computer crime;Counterfeiting;Error analysis;HTML;Histograms;Information science;Information security;Privacy;Web and internet services;Web pages;Contrast Context Histogram;antiphishing;image matching;local content descriptor;phishing;visual similarity}, 
doi={10.1109/MIC.2009.59}, 
ISSN={1089-7801},}

@article{chen2010detecting,
 author = {Chen, Teh-Chung and Dick, Scott and Miller, James},
 title = {Detecting Visually Similar Web Pages: Application to Phishing Detection},
 journal = {ACM Trans. Internet Technol.},
 issue_date = {May 2010},
 volume = {10},
 number = {2},
 month = jun,
 year = {2010},
 issn = {1533-5399},
 pages = {5:1--5:38},
 articleno = {5},
 numpages = {38},
 url = {http://doi.acm.org/10.1145/1754393.1754394},
 doi = {10.1145/1754393.1754394},
 acmid = {1754394},
 publisher = {ACM},
 address = {New York, NY, USA},
 keywords = {Algorithmic complexity theory, Gestalt theory, Web page similarity, anti-phishing technologies},
} 

@ARTICLE{zhang2011textual, 
author={Haijun Zhang and Gang Liu and Chow, T. W S and Wenyin Liu}, 
journal={Neural Networks, IEEE Transactions on}, 
title={Textual and Visual Content-Based Anti-Phishing: A Bayesian Approach}, 
year={2011}, 
volume={22}, 
number={10}, 
pages={1532-1546}, 
keywords={Bayes methods;Internet;computer crime;image classification;sensor fusion;text analysis;Bayes theory;Bayesian approach;Web page detection;classifier fusion;image classifier;text classifier;textual content-based anti-phishing;visual content-based anti-phishing;Bayesian methods;Feature extraction;Image color analysis;Visualization;Vocabulary;Web pages;Bayes theory;classifier;data fusion;phishing detection;web page;Algorithms;Artificial Intelligence;Bayes Theorem;Computer Security;Crime;Data Mining;Humans;Internet;Models, Statistical;Pattern Recognition, Automated;Software;Software Validation;Statistics as Topic}, 
doi={10.1109/TNN.2011.2161999}, 
ISSN={1045-9227},}

@inproceedings{moore2007examining,
 author = {Moore, Tyler and Clayton, Richard},
 title = {Examining the Impact of Website Take-down on Phishing},
 booktitle = {Proceedings of the Anti-phishing Working Groups 2Nd Annual eCrime Researchers Summit},
 series = {eCrime '07},
 year = {2007},
 isbn = {978-1-59593-939-5},
 location = {Pittsburgh, Pennsylvania},
 pages = {1--13},
 numpages = {13},
 url = {http://doi.acm.org/10.1145/1299015.1299016},
 doi = {10.1145/1299015.1299016},
 acmid = {1299016},
 publisher = {ACM},
 address = {New York, NY, USA},
 keywords = {electronic crime, phishing, security economics},
} 

@misc{trusteer2011,
  author = {Boodaei, Mickey},
  title = {Mobile Users Three Times More Vulnerable to Phishing Attacks},
  year = {2011},
  howpublished = {\url{http://www.trusteer.com/blog/mobile-users-three-times-more-vulnerable-to-phishing-attacks}},
  note = {Accessed: 2013-12-26}
}

@book{jakobsson2006phishing,
  title={Phishing and countermeasures: understanding the increasing problem of electronic identity theft},
  author={Jakobsson, Markus and Myers, Steven},
  year={2006},
  publisher={Wiley. com}
}

@book{phishing2010ramazan,
year={2010},
isbn={978-3-642-04116-7},
booktitle={Handbook of Information and Communication Security},
doi={10.1007/978-3-642-04117-4_23},
title={Phishing Attacks and Countermeasures},
url={http://dx.doi.org/10.1007/978-3-642-04117-4_23},
publisher={Springer Berlin Heidelberg},
author={Ramzan, Zulfikar},
pages={433-448},
language={English}
}

@misc{takethebait,
  author = {Get Cyber Safe and others},
  title = {Phishing: How many take the bait?},
  year = {2012},
  howpublished = {\url{http://www.getcybersafe.gc.ca/cnt/rsrcs/nfgrphcs/nfgrphcs-2012-10-11-eng.aspx}},
  note = {Accessed: 2013-12-29}
}

@misc{whaling,
  author = {Dan Goodin},
  title = {From phishing to whaling},
  year = {2008},
  howpublished = {\url{http://www.theregister.co.uk/2008/04/16/whaling_expedition_continues/}},
  note = {Accessed: 2014-01-19}
}

@misc{trendlabs2012spear,
  author = {TrendLabs APT Research Team and others},
  title = {Spear-Phishing Email: Most Favored APT Attack Bait},
  year = {2012},
  howpublished = {\url{ http://www.trendmicro.com/cloud-content/us/pdfs/security-intelligence/white-papers/wp-spear-phishing-email-most-favored-apt-attack-bait.pdf}},
  note = {Accessed: 2013-12-29}
}

@article{kirlappos2012security,
  title={Security Education against Phishing: A Modest Proposal for a Major Rethink},
  author={Kirlappos, Iacovos and Sasse, Martina Angela},
  journal={IEEE Security and Privacy Magazine},
  volume={10},
  number={2},
  pages={24--32},
  year={2012}
}

@inproceedings{burns2013kind,
  title={What kind of interventions can help users from falling for phishing attempts: A research proposal for examining stage-appropriate interventions},
  author={Burns, Mary B and Durcikova, Alexandra and Jenkins, Jeffrey L},
  booktitle={System Sciences (HICSS), 2013 46th Hawaii International Conference on},
  pages={4023--4032},
  year={2013},
  organization={IEEE}
}



@incollection{vidas2013qrishing,
  title={QRishing: The Susceptibility of Smartphone Users to QR Code Phishing Attacks},
  author={Vidas, Timothy and Owusu, Emmanuel and Wang, Shuai and Zeng, Cheng and Cranor, Lorrie Faith and Christin, Nicolas},
  booktitle={Financial Cryptography and Data Security},
  pages={52--69},
  year={2013},
  publisher={Springer}
}


@article{statephishinghong,
 author = {Hong, Jason},
 title = {The State of Phishing Attacks},
 journal = {Commun. ACM},
 issue_date = {January 2012},
 volume = {55},
 number = {1},
 month = jan,
 year = {2012},
 issn = {0001-0782},
 pages = {74--81},
 numpages = {8},
 url = {http://doi.acm.org/10.1145/2063176.2063197},
 doi = {10.1145/2063176.2063197},
 acmid = {2063197},
 publisher = {ACM},
 address = {New York, NY, USA},
} 


@inproceedings{sheng2007antiphishingphil,
 author = {Sheng, Steve and Magnien, Bryant and Kumaraguru, Ponnurangam and Acquisti, Alessandro and Cranor, Lorrie Faith and Hong, Jason and Nunge, Elizabeth},
 title = {Anti-Phishing Phil: The Design and Evaluation of a Game That Teaches People Not to Fall for Phish},
 booktitle = {Proceedings of the 3rd Symposium on Usable Privacy and Security},
 series = {SOUPS '07},
 year = {2007},
 isbn = {978-1-59593-801-5},
 location = {Pittsburgh, Pennsylvania},
 pages = {88--99},
 numpages = {12},
 url = {http://doi.acm.org/10.1145/1280680.1280692},
 doi = {10.1145/1280680.1280692},
 acmid = {1280692},
 publisher = {ACM},
 address = {New York, NY, USA},
 keywords = {development and testing, game design, interactive learning, learning science, phishing, security user education, usable privacy and security},
} 

@misc{phishtank,
  author = {PhishTank},
  title = {PhishTank},
  year = {2013},
  howpublished = {\url{http://www.phishtank.com/}},
  note = {Accessed: 2013-12-29}
}

@article{gabrilovich2002homograph,
 author = {Gabrilovich, Evgeniy and Gontmakher, Alex},
 title = {The Homograph Attack},
 journal = {Commun. ACM},
 issue_date = {February 2002},
 volume = {45},
 number = {2},
 month = feb,
 year = {2002},
 issn = {0001-0782},
 pages = {128--},
 url = {http://doi.acm.org/10.1145/503124.503156},
 doi = {10.1145/503124.503156},
 acmid = {503156},
 publisher = {ACM},
 address = {New York, NY, USA},
} 

@misc{tinyurlpcworld,
  author = {Larkin, Erik},
  title = {Spot the Tiny Phishing Trick},
  year = {2009},
  howpublished = {\url{http://www.pcworld.com/article/161232/tinyphish.html}},
  note = {Accessed: 2013-12-29}
}

@phdthesis{alnajim2009fighting,
  title={Fighting internet fraud: anti-phishing effectiveness for phishing websites detection},
  author={Alnajim, Abdullah},
  year={2009},
  school={Durham University}
}


@misc{publishios,
  author = {Brightcove},
  title = {Step-by-Step Guide to Publishing in the Apple App Store Using a Mac},
  howpublished = {\url{http://support.brightcove.com/en/app-cloud/docs/step-step-guide-publishing-apple-app-store-using-mac}},
  note = {Accessed: 2013-01-08}
}

@misc{publishandroid,
  author = {Brightcove},
  title = {Step-by-Step Guide to Publishing in the Android Market on Windows},
  howpublished = {\url{http://support.brightcove.com/en/app-cloud/docs/step-step-guide-publishing-android-market-windows}},
  note = {Accessed: 2013-01-08}
}

@misc{versionsandroid,
  author = {Android},
	 title = {Android Development - Dashboards},
  year = {2013},
  howpublished = {\url{http://developer.android.com/about/dashboards/index.html}},
  note = {Accessed: 2013-01-08}
}


@misc{microsoftphishing,
  author = {Microsoft},
	title = {Identify fraudulent e-mail and phishing schemes},
  howpublished = {\url{http://office.microsoft.com/en-001/outlook-help/identify-fraudulent-e-mail-and-phishing-schemes-HA001140002.aspx}},
  note = {Accessed: 2013-01-11}
}


@misc{spamfighter,
  author = {SPAMfighter},
	 title = {Becoming More Difficult to Detect Phishing Email Attack, says Security Experts},
  year = {2013},
  howpublished = {\url{http://www.spamfighter.com/News-18495-Becoming-More-Difficult-to-Detect-Phishing-Email-Attack-says-Security-Experts.htm}},
  note = {Accessed: 2013-01-11}
}


@misc{generalknowledgemicrosoft,
  author = {Microsoft},
	title = {How to recognize phishing email messages, links, or phone calls},
  howpublished = {\url{http://www.microsoft.com/security/online-privacy/phishing-symptoms.aspx}},
  note = {Accessed: 2013-01-11}
}

@misc{generalknowledgepaypal,
  author = {PayPal},
	title = {Was ist Phishing?},
  howpublished = {\url{https://www.paypal.com/de/webapps/mpp/phishing}},
  note = {Accessed: 2013-01-11}
}

@misc{generalknowledgeebay,
  author = {eBay},
	title = {GefÃ€lschte E-Mails erkennen und melden},
  howpublished = {\url{http://pages.ebay.de/help/account/reporting-spoof.html}},
  note = {Accessed: 2013-01-11}
}

@misc{antiphishingphyllis,
  author = {Wombat Security Technologies},
	 title = {Anti-Phishing Phyllis},
  howpublished = {\url{http://www.wombatsecurity.com/antiphishingphyllis}},
  note = {Accessed: 2013-01-11}
}

@misc{globalfinance2012internetusage,
  author = {Global Finance},
	 title = {Internet Users By Country},
	 year = {2012},
  howpublished = {\url{http://www.gfmag.com/tools/global-database/ne-data/11942-internet-users.html#axzz2qr046GUb}},
  note = {Accessed: 2013-01-19}
}

@misc{sonicwall,
  author = {SonicWALL},
	 title = {SonicWALL Phishing IQ Test},
  howpublished = {\url{http://www.sonicwall.com/furl/phishing/}},
  note = {Accessed: 2013-01-11}
}


@article{arachchilage2012designing,
  title={Designing a Mobile Game to Teach Conceptual Knowledge of Avoiding Phishing Attacks},
  author={Arachchilage, Nalin Asanka Gamagedara and Love, Steve and Scott, Michael},
  journal={International Journal for e-Learning Security},
  volume={2},
  number={2},
  pages={127--132},
  year={2012}
}

@misc{onguardonline,
  author = {OnGuarOnline.gov},
	 title = {Phishing Scams (Game)},
  howpublished = {\url{http://www.onguardonline.gov/media/game-0011-phishing-scams}},
  note = {Accessed: 2013-01-11}
}

@misc{icicibank,
  author = {ICICI Bank},
	 title = {The Phishing Game},
  howpublished = {\url{http://www.icicibank.com/online-safe-banking/Phishing-Game.html}},
  note = {Accessed: 2013-01-17}
}

@misc{staysafeonline,
  author = {Symantec},
	 title = {Race to stay safe},
  howpublished = {\url{https://www.staysecureonline.com/staying-safe-online/}},
  note = {Accessed: 2013-01-11}
}

@misc{laptopsecurity,
  author = {OnGuarOnline.gov},
	 title = {Mission Laptop Security},
  howpublished = {\url{http://www.onguardonline.gov/media/game-0008-mission-laptop-security}},
  note = {Accessed: 2013-01-17}
}

@misc{wirelesshackers,
  author = {OnGuarOnline.gov},
	 title = {Invasion of the Wireless Hackers},
  howpublished = {\url{http://www.onguardonline.gov/media/game-0006-invasion-wireless-hackers}},
  note = {Accessed: 2013-01-17}
}

@misc{phishingtechniques,
  author = {Phishing.org},
	 title = {Phishing Techniques},
  howpublished = {\url{http://www.phishing.org/phishing-techniques/}},
  note = {Accessed: 2013-01-19}
}

@misc{drdobb2012email,
  title={Why Phish Should Not Be Treated as Spam},
  author={Norman M. Sadeh},
howpublished = {\url{http://www.drdobbs.com/security/why-phish-should-not-be-treated-as-spam/240001777}},
  note = {Accessed: 2013-01-19},
  year={2012}
}


@INPROCEEDINGS{embedded2011jansson, 
author={Jansson, Kenny. and von Solms, Rossouw}, 
booktitle={Web Society (SWS), 2011 3rd Symposium on}, 
title={Simulating malicious emails to educate end users on-demand}, 
year={2011}, 
pages={74-80}, 
keywords={electronic mail;security of data;end users on-demand;malicious emails;vulnerable users on-demand;Databases;Electronic mail;Fires;Resistance;Education On-Demand;Malcicous Emails;Phishing Awareness}, 
doi={10.1109/SWS.2011.6101274}, 
ISSN={2158-6985},}

@book{kumaraguru2009phishguru,
  title={PhishGuru: a system for educating users about semantic attacks},
  author={Kumaraguru, Ponnurangam},
  year={2009},
  publisher={ProQuest}
}

@INPROCEEDINGS{arachchilage2011designing, 
author={Arachchilage, Nalin Asanka Gamagedara and Cole, Melissa}, 
booktitle={Information Society (i-Society), 2011 International Conference on}, 
title={Design a mobile game for home computer users to prevent from phishing attacks}, 
year={2011}, 
pages={485-489}, 
keywords={computer aided instruction;computer crime;computer games;mobile computing;Google App Inventor Emulator;cyberspace;educational mobile game;game design;home computer;online identity theft;phishing attacks;phishing education;technology threat avoidance theory;Cryptography;Educational institutions;Grippers;Information technology;Mathematics;Mobile communication;Welding;avoidance behaviour;game design;phishing threats;security awareness;security breaches},}


@INPROCEEDINGS{alnajim2009antiphishing, 
author={Alnajim, Abdullah and Munro, Malcolm}, 
booktitle={Information Technology: New Generations, 2009. ITNG '09. Sixth International Conference on}, 
title={An Anti-Phishing Approach that Uses Training Intervention for Phishing Websites Detection}, 
year={2009}, 
pages={405-410}, 
keywords={Web sites;electronic commerce;security of data;antiphishing approach;e-commerce;electronic commerce;online banking;phishing Websites detection;Banking;Computer science;Electronic mail;Government;Guidelines;Information security;Information technology;Operating systems;Testing;Uniform resource locators;Phishing;anti-Phishing countermeasures;e-commerce security;online banking security;online fraud}, 
doi={10.1109/ITNG.2009.109},}

@inproceedings{chiasson2011auction,
  title={Auction Hero: The Design of a Game to Learn and Teach about Computer Security},
  author={Chiasson, Sonia and Modi, Manas and Biddle, Robert},
  booktitle={World Conference on E-Learning in Corporate, Government, Healthcare, and Higher Education},
  volume={2011},
  pages={2201--2206},
  year={2011}
}

@inproceedings{denning2013controlalthack,
 author = {Denning, Tamara and Lerner, Adam and Shostack, Adam and Kohno, Tadayoshi},
 title = {Control-Alt-Hack: The Design and Evaluation of a Card Game for Computer Security Awareness and Education},
 booktitle = {Proceedings of the 2013 ACM SIGSAC Conference on Computer \&\#38; Communications Security},
 series = {CCS '13},
 year = {2013},
 isbn = {978-1-4503-2477-9},
 location = {Berlin, Germany},
 pages = {915--928},
 numpages = {14},
 url = {http://doi.acm.org/10.1145/2508859.2516753},
 doi = {10.1145/2508859.2516753},
 acmid = {2516753},
 publisher = {ACM},
 address = {New York, NY, USA},
 keywords = {card game, computer science education, computer security and privacy, computer security education, game, outreach, privacy, security, security awareness, security education, security outreach, tabletop games, tabletop security},
} 

@incollection{balzarotti2012proactive,
  title={Proactive discovery of phishing related domain names},
  author={Marchal, Samuel and Fran{\c{c}}ois, J{\'e}r{\^o}me and Engel, Thomas and others},
  booktitle={Research in Attacks, Intrusions, and Defenses},
  pages={190--209},
  year={2012},
  publisher={Springer}
}

@incollection{amrutkar2012measuring,
year={2012},
isbn={978-3-642-33382-8},
booktitle={Information Security},
volume={7483},
series={Lecture Notes in Computer Science},
editor={Gollmann, Dieter and Freiling, FelixC.},
doi={10.1007/978-3-642-33383-5_6},
title={Measuring SSL Indicators on Mobile Browsers: Extended Life, or End of the Road?},
url={http://dx.doi.org/10.1007/978-3-642-33383-5_6},
publisher={Springer Berlin Heidelberg},
author={Amrutkar, Chaitrali and Traynor, Patrick and Oorschot, PaulC.},
pages={86-103}
}

@article{moore2010hard,
  title={How hard can it be to measure phishing?},
  author={Moore, Tyler and Clayton, Richard},
  year={2010},
  journal = {Mapping and Measuring Cybercrime}
}

@book{divsi2012divsi,
  title={DIVSI-Milieu-Studie zu Vertrauen und Sicherheit im Internet: eine Grundlagenstudie},
  author={DIVSI{\ }-{\ }Deutsches{\ }Institut{\ }f{\"u}r{\ }Vertrauen{\ }und{\ }Sicherheit{\ }im{\ }Internet and Sozialwissenschaftliches{\ }Institut{\ }Nowak{\ }und{\ }S{\"o}rgel},
  isbn={9783943716009},
  url={https://www.divsi.de/publikationen/studien/divsi-milieu-studie/},
  year={2012},
  publisher={Deutsches Institut f{\"u}r Vertrauen und Sicherheit im Internet (DIVSI)}
}


@article{handbook2008us,
  title={US Dept of Transportation},
  author={Handbook, Aviation Instructor's},
  journal={Federal Aviation Administration},
  year={2008}
}

@inproceedings{murphy2011games,
  title={Why games work and the science of learning},
  author={Murphy, Curtiss},
  booktitle={Interservice, Interagency Training, Simulations, and Education Conference},
  year={2011}
}

@book{thorndike1932fundamentals,
  title={The fundamentals of learning.},
  author={Thorndike, Edward L.},
  year={1932},
  publisher={Teachers College Bureau of Publications}
}

@misc{csikszentmihalyi1990flow,
  title={Flow: The psychology of optimal performance},
  author={Csikszentmihalyi, Mihaly},
  year={1990},
  publisher={New York: Harper and Row}
}

@book{seligman2012flourish,
  title={Flourish: A visionary new understanding of happiness and well-being},
  author={Seligman, Martin EP},
  year={2012},
  publisher={Simon and Schuster}
}
@book{csikszentmihalyi1997finding,
  title={Finding flow: The psychology of engagement with everyday life},
  author={Csikszentmihalyi, Mihaly},
  year={1997},
  publisher={Basic Books}
}

@book{schell2008art,
  title={The Art of Game Design: A book of lenses},
  author={Schell, Jesse},
  year={2008},
  publisher={Taylor \& Francis US}
}

@article{goetz2011harnessing,
  title={Harnessing the power of feedback loops},
  author={Goetz, Thomas},
  journal={Wired Magazine},
  volume={19},
  number={07},
  year={2011}
}

@article{mcmahan2003immersion,
  title={Immersion, engagement and presence},
  author={McMahan, Alison},
  journal={The video game theory reader},
  pages={67--86},
  year={2003},
  publisher={Routledge, London \& New York}
}

@book{schwartz2009paradox,
  title={The paradox of choice},
  author={Schwartz, Barry},
  year={2009},
  publisher={HarperCollins}
}

@book{koster2010theory,
  title={Theory of fun for game design},
  author={Koster, Raph},
  year={2010},
  publisher={O'Reilly Media, Inc.}
}

@misc{guerillagovuk,
  author = {GOV.UK},
  title = {Guerilla testing},
  year = {2013},
  howpublished = {\url{https://www.gov.uk/service-manual/user-centered-design/user-research/guerilla-testing.html}},
  note = {Accessed: 2013-01-24}
}


@misc{guerillauxbooth,
  author = {David Peter Simon},
  title = {The Art of Guerilla Usability Testing},
  year = {2013},
  howpublished = {\url{http://www.uxbooth.com/articles/the-art-of-guerilla-usability-testing/}},
  note = {Accessed: 2013-01-24}
}


@misc{smartphoneusage,
  author = {comScore Data Mine},
  title = {Smartphones Reach Majority in all EU5 Countries},
  year = {2013},
  howpublished = {\url{http://www.comscoredatamine.com/2013/03/smartphones-reach-majority-in-all-eu5-countries/}},
  note = {Accessed: 2013-01-24}
}

@misc{androidiosmarketshare,
  author = {IDC},
  title = {Press Release},
  year = {2013},
  howpublished = {\url{http://www.idc.com/getdoc.jsp?containerId=prUS24442013}},
  note = {Accessed: 2013-01-24}
}
@misc{bankrank,
  author = {Wer zu Wem Firmenverzeichnis},
  title = {Top 100 Banken in Deutschland},
  year = {2011},
  howpublished = {\url{http://www.wer-zu-wem.de/ranking/banken/}},
  note = {Accessed: 2013-01-24}
}


@misc{onlineshoprank,
  author = {INTERNER WORLD Business},
  title = {Ranking: Die 100 größten Online-Shops in Deutschland 2011},
  year = {2011},
  howpublished = {\url{http://www.internetworld.de/Nachrichten/E-Commerce/Zahlen-Studien/Ranking-Die-100-groessten-Online-Shops-in-Deutschland-2011-Zalando-macht-zehn-Plaetze-gut-70245.html}},
  note = {Accessed: 2013-01-24}
}

@misc{alexa,
  author = {Alexa The Web Information Company},
  title = {Top Sites in Germany},
  howpublished = {\url{http://www.alexa.com/topsites/countries/DE}},
  note = {Accessed: 2013-01-26}
}

@article{sus,
  added-at = {2013-03-22T13:35:41.000+0100},
  author = {Brooke, John},
  biburl = {http://www.bibsonomy.org/bibtex/2a18bc4e3bbf3ebee7482fd6e63d036b7/tobidiplom},
  interhash = {e320d8db94e30bab42613449bce07255},
  intrahash = {a18bc4e3bbf3ebee7482fd6e63d036b7},
  journal = {Journal of Usability Studies},
  keywords = {SUS evaluation methode usability},
  number = 2,
  pages = {29-40},
  timestamp = {2013-03-22T13:35:41.000+0100},
  title = {SUS: A Retrospective},
  volume = 8,
  year = 2013
}

@article{wilcoxon1945individual,
  title={Individual comparisons by ranking methods},
  author={Wilcoxon, Frank},
  journal={Biometrics bulletin},
  volume={1},
  number={6},
  pages={80--83},
  year={1945},
  publisher={JSTOR}
}

@article{citeulike:7369187,
    author = {Flesch, Rudolph},
    citeulike-article-id = {7369187},
    citeulike-linkout-0 = {http://dx.doi.org/10.1037/h0057532},
    doi = {10.1037/h0057532},
    issn = {0021-9010},
    journal = {Journal of Applied Psychology},
    number = {3},
    pages = {221--233},
    posted-at = {2011-10-11 10:40:10},
    priority = {2},
    title = {{A new readability yardstick}},
    url = {http://dx.doi.org/10.1037/h0057532},
    volume = {32},
    year = {1948}
}

@book{Gun,
    author = {Gunning, Robert},
    citeulike-article-id = {3200108},
    keywords = {file-import-08-09-06},
    posted-at = {2008-09-06 23:44:01},
    priority = {0},
    publisher = {McGraw-Hill, New York},
    title = {{The Technique of Clear Writing}},
    year = {1952}
}
@book{amstad1978verstandlich,
  title={Wie verst{\"a}ndlich sind unsere Zeitungen?},
  author={Amstad, Toni},
  series={Abhandlung: Philosophische Fakult{\"a}t I. Z{\"u}rich. 1977},
  url={http://books.google.de/books?id=VXYSAQAAIAAJ},
  year={1978},
  publisher={Studenten-Schreib-Service}
}

@misc{leichtlesbar,
  author = {Leicht Lesbar},
  title = {Testen Sie Ihren Text},
  howpublished = {\url{http://leichtlesbar.ch/html/}},
  note = {Accessed: 2013-01-28}
}

@misc{stilversprechend,
  author = {Stilversprechend},
  title = {Stilversprechend},
  howpublished = {\url{http://stilversprechend.de/index.html}},
  note = {Accessed: 2013-01-28}
}

@misc{fleschindexde,
  author = {Peter Sch{\"o}ll},
  title = {Flesch-Index berechnen},
  howpublished = {\url{http://www.fleschindex.de}},
  note = {Accessed: 2013-01-28}
}

@misc{datadealer,
  author = {Data Dealer},
  title = {Data Dealer},
  howpublished = {\url{https://datadealer.com/de}},
  note = {Accessed: 2013-01-29}
}

@incollection{moore2009impact,
  title={The impact of incentives on notice and take-down},
  author={Moore, Tyler and Clayton, Richard},
  booktitle={Managing Information Risk and the Economics of Security},
  pages={199--223},
  year={2009},
  publisher={Springer}
}

@misc{useredupointless,
  author = {Joris Evers},
  title = {Security expert: User education is pointless},
  howpublished = {\url{http://news.cnet.com/2100-7350_3-6125213.html}},
  year = {2006},
  note = {Accessed: 2013-01-29}
}

@misc{bruceschneieronsecuritytraining,
  author = {Bruce Schneier},
  title = {On Security Awareness Training},
  howpublished = {\url{http://www.darkreading.com/hacked-off/on-security-awareness-training/240151108}},
  year = {2013},
  note = {Accessed: 2013-01-29}
}

@misc{usereducebit,
  author = {Nermin Bajric},
  title = {CeBIT 2013 - User education not a cyber security starting point: DSD},
  howpublished = {\url{http://www.csoonline.com/article/734028/cebit-2013-user-education-not-a-cyber-security-starting-point-dsd}},
  year = {2013},
  note = {Accessed: 2013-01-29}
}

@misc{usereduscmagazine,
  author = {SC Magazine},
  title = {Weakest link: End-user education},
  howpublished = {\url{http://www.scmagazine.com/weakest-link-end-user-education/article/161685/}},
  year = {2010},
  note = {Accessed: 2013-01-29}
}

@inproceedings{kumaraguru2007protecting,
 author = {Kumaraguru, Ponnurangam and Rhee, Yong and Acquisti, Alessandro and Cranor, Lorrie Faith and Hong, Jason and Nunge, Elizabeth},
 title = {Protecting People from Phishing: The Design and Evaluation of an Embedded Training Email System},
 booktitle = {Proceedings of the SIGCHI Conference on Human Factors in Computing Systems},
 series = {CHI '07},
 year = {2007},
 isbn = {978-1-59593-593-9},
 location = {San Jose, California, USA},
 pages = {905--914},
 numpages = {10},
 url = {http://doi.acm.org/10.1145/1240624.1240760},
 doi = {10.1145/1240624.1240760},
 acmid = {1240760},
 publisher = {ACM},
 address = {New York, NY, USA},
 keywords = {email, embedded training, phishing, situated learning, usable privacy and security},
} 

@inproceedings{akhawe2013alice,
  title={Alice in warningland: A large-scale field study of browser security warning effectiveness},
  author={Akhawe, Devdatta and Felt, Adrienne Porter},
  booktitle={Proceedings of the 22th USENIX Security Symposium},
  year={2013}
}

@article{yee2005guidelines,
  title={Guidelines and strategies for secure interaction design},
  author={Yee, Ka-Ping},
  journal={Security and Usability: Designing Secure Systems That People Can Use},
  pages={247--273},
  year={2005},
  publisher={O’Reilly}
}

@inproceedings{dhamija2005battle,
  title={The battle against phishing: Dynamic security skins},
  author={Dhamija, Rachna and Tygar, J. Doug},
  booktitle={Proceedings of the 2005 symposium on Usable privacy and security},
  pages={77--88},
  year={2005},
  organization={ACM}
}

@inproceedings{TUD-CS-2013-0167,
	author = {Melanie Volkamer and Simon Stockhardt and Steffen Bartsch and Michaela
Kauer},
	title = {Adopting the {CMU/APWG A}nti-{P}hishing {L}anding {P}age idea for {G}ermany},
	month = jun,
	year = {2013},
	publisher = {IEEE Digital Library},
	booktitle = {3rd Workshop on Socio-Technical Aspects in Security and Trust (STAST), 2013},
	location = {New Orleans, LA, USA},
	pubkey = {TUD-CS-2013-0167},
	research_area = {CASED, Security, Usability and Society, Theoretische Informatik -
Kryptographie und Computeralgebra},
	research_sub_area = {Secure Data},
	Website = {http://www.stast2013.uni.lu/programme.html (Link: http://www.secuso.informatik.tu-darmstadt.de/\"http://www.stast2013.uni.lu/programme.html\" )},
}

@inproceedings{karlof2009conditioned,
  title={Conditioned-safe Ceremonies and a User Study of an Application to Web Authentication.},
  author={Karlof, Chris and Tygar, J Doug and Wagner, David},
  booktitle={SOUPS},
  year={2009}
}

@inproceedings{anderson2012measuring,
  title={Measuring the Cost of Cybercrime.},
  author={Anderson, Ross and Barton, Chris and B{\"o}hme, Rainer and Clayton, Richard and van Eeten, Michael and Levi, Michael and Moore, Tyler and Savage, Stefan},
  booktitle={WEIS},
  year={2012}
}

@inproceedings{wu2006security,
  title={Do security toolbars actually prevent phishing attacks?},
  author={Wu, Min and Miller, Robert C and Garfinkel, Simson L},
  booktitle={Proceedings of the SIGCHI conference on Human Factors in computing systems},
  pages={601--610},
  year={2006},
  organization={ACM}
}

@inproceedings{egelman2007security,
  title={Security user studies: methodologies and best practices},
  author={Egelman, Serge and King, Jennifer and Miller, Robert C and Ragouzis, Nick and Shehan, Erika},
  booktitle={CHI'07 extended abstracts on Human factors in computing systems},
  pages={2833--2836},
  year={2007},
  organization={ACM}
}

@inproceedings{zhou2012dissecting,
  title={Dissecting android malware: Characterization and evolution},
  author={Zhou, Yajin and Jiang, Xuxian},
  booktitle={Security and Privacy (SP), 2012 IEEE Symposium on},
  pages={95--109},
  year={2012},
  organization={IEEE}
}

% from roland's thesis

@book{abc11,
author={Matze Knuddles and Heinz Maxe},
title={Mein Buch No. 1},
year=2003,
publisher={der Verlag},
address={M{\"u}nchen}
}

@book{abc12,
author={Matze Knuddles and Heinz Maxe},
title={Mein Buch No. 2},
year=2011,
publisher={der Verlag},
address={M{\"u}nchen}
}

@misc{heise01,
author={Stefan Krempl and Jürgen Kuri},
title={Phishing-Attacken auf Microsoft: Dokumente zu Anfragen von Ermittlungsbehörden geklaut},
year=2014,
howpublished={Webseite},
note={Online verfügbar: \url{http://www.heise.de/security/meldung/Phishing-Attacken-auf-Microsoft-Dokumente-zu-Anfragen-von-Ermittlungsbehoerden-geklaut-2098241.html}, zuletzt aufgerufen am 30. Januar 2014.}
}

@misc{stat01,
author={statista},
title={Anzahl der aktiven Nutzer von Facebook in Deutschland von Januar 2010 bis Januar 2014 (in Millionen)},
year=2014,
howpublished={Webseite},
note={Online verfügbar: \url{http://de.statista.com/statistik/daten/studie/70189/umfrage/nutzer-von-facebook-in-deutschland-seit-2009/}, zuletzt aufgerufen am 3. Februar 2014.}
}

@misc{stat02,
author={statista},
title={Anzahl der Mitglieder des Social Network "Xing" vom 4. Quartal 2006 bis zum 2. Quartal 2013 (in Millionen)},
year=2013,
howpublished={Webseite},
note={Online verfügbar: \url{http://de.statista.com/statistik/daten/studie/13587/umfrage/anzahl-der-mitglieder-des-social-network-xing-seit-2006/}, zuletzt aufgerufen am 3. Februar 2014.}
}

@misc{xing01,
author={XING},
title={Q3 Zwischenbericht für den Zeitraum vom 1. Januar bis 30. September 2013},
year=2013,
howpublished={Webseite},
note={Online verfügbar: \url{https://corporate.xing.com/fileadmin/IR/XING_Q3_2013_D.pdf}, zuletzt aufgerufen am 3. Februar 2014.}
}

@misc{bug14,
author={Christian Buggisch},
title={Social Media und soziale Netzwerke – Nutzerzahlen in Deutschland 2014},
year=2014,
howpublished={Webseite},
note={Online verfügbar: \url{http://buggisch.wordpress.com/2014/01/07/social-media-und-soziale-netzwerke-nutzerzahlen-in-deutschland-2014/}, zuletzt aufgerufen am 3. Februar 2014.}
}

@misc{Sch01,
author={Oliver Schwuchow},
title={Deutschland hat 6,7 Millionen aktive Nutzer auf Google+},
year=2013,
howpublished={Webseite},
note={Online verfügbar: \url{http://www.mobiflip.de/deutschland-hat-67-millionen-aktive-nutzer-auf-google/}, zuletzt aufgerufen am 3. Februar 2014.}
}

@misc{Cir01,
author={CircleCount},
title={Population rate per country (EU)},
year=2014,
howpublished={Webseite},
note={Online verfügbar: \url{http://www.circlecount.com/tag-google/statistic/countrypopulation/?special=EU}, zuletzt aufgerufen am 3. Februar 2014.}
}

@misc{bank01,
author={bankenverband},
title={Onlinebanking in Deutschland - Repräsentative Meinungsumfrage im Auftrag des Bankenverbandes},
year=2013,
howpublished={Webseite},
note={Online verfügbar: \url{http://bankenverband.de/service/fakten-zahlen/repraesentative-umfragen/onlinebanking-in-deutschland-repraesentative-meinungsumfrage-im-auftrag-des-bankenverbandes-juni-2013/umfrageergebnisse}, zuletzt aufgerufen am 3. Februar 2014.}
}

@misc{inter01,
author={inter WORLD BUSINESS},
title={PayPal gibt neue Nutzerzahlen bekannt - 20 Millionen registrierte Kundenkonten},
year=2012,
howpublished={Webseite},
note={Online verfügbar: \url{http://www.internetworld.de/dmexco/dmexco-News/PayPal-gibt-neue-Nutzerzahlen-bekannt-20-Millionen-registrierte-Kundenkonten}, zuletzt aufgerufen am 3. Februar 2014.}
}

@misc{kas01,
author={Darja Gudkova},
title={Kaspersky Security Bulletin. Spam im Jahr 2013},
year=2014,
howpublished={Webseite},
note={Online verfügbar: \url{http://www.viruslist.com/de/analysis?pubid=200883842}, zuletzt aufgerufen am 4. Februar 2014.}
}

@misc{kas02,
author={{Kaspersky lab}},
title={The evolution of phishing attacks: 2011-2013},
year=2013,
pages=8,
howpublished={Webseite},
note={Online verfügbar: \url{http://media.kaspersky.com/pdf/Kaspersky_Lab_KSN_report_The_Evolution_of_Phishing_Attacks_2011-2013.pdf}, zuletzt aufgerufen am 4. Februar 2014.}
}

@misc{bsi01,
author={BSI},
title={Phishing - Gefährliche Umleitung für Ihre Passwörter},
howpublished={Webseite},
note={Online verfügbar: \url{https://www.bsi-fuer-buerger.de/BSIFB/DE/GefahrenImNetz/Phishing/phishing_node.html}, zuletzt aufgerufen am 30. Januar 2014.}
}

@misc{ai301,
author={{Arbeitsgruppe Identitätsschutz im Internet}},
title={Phishing},
year=2014,
howpublished={Webseite},
note={Online verfügbar: \url{https://www.a-i3.org/content/view/932/203/2}, zuletzt aufgerufen am 5. Februar 2014.}
}

@misc{rfc1738,
author={Tim Berners-Lee},
title={Uniform Resource Locators (URL)},
year=1994,
howpublished={Webseite},
note={Online verfügbar: \url{http://tools.ietf.org/html/rfc1738}, zuletzt aufgerufen am 7. Februar 2014.}
}

@inproceedings{chi01,
  title={Does domain highlighting help people identify phishing sites?},
  author={Lin, Eric and Greenberg, Saul and Trotter, Eileah and Ma, David and Aycock, John},
  booktitle={Proceedings of the SIGCHI Conference on Human Factors in Computing Systems},
  pages={2075--2084},
  year={2011},
  organization={ACM}
}

@MISC{chi01b,
    author = {Eric Lin and Saul Greenberg and Eileah Trotter and David Ma and John Aycock},
    title = {Does Domain Highlighting Help People Identify Phishing Sites?},
    year = {2011}
}

@misc{chi01a,
author={Eric Lin and Saul Greenberg and Eileah Trotter and David Ma and John Aycock},
title={Does Domain Highlighting Help People Identify Phishing Sites?},
year=2011,
howpublished={Webseite},
note={Online verfügbar: \url{http://grouplab.cpsc.ucalgary.ca/grouplab/uploads/Publications/Publications/2011-DomainHighlighting.CHI.pdf}, zuletzt aufgerufen am 7. Februar 2014.}
}

@misc{ats01,
author={Alex Tsow and Markus Jakobsson},
title={Deceit and Deception: A Large User Study of Phishing},
year=2007,
howpublished={Webseite},
note={Online verfügbar: \url{ftp://cgi.soic.indiana.edu/pub/techreports/TR649.pdf}, zuletzt aufgerufen am 12. Februar 2014.}
}

@TECHREPORT{Tsow07deceitand,
    author = {Alex Tsow and Markus Jakobsson},
    title = {Deceit and Deception: A Large User Study of Phishing},
    institution = {},
    year = {2007}
}

@article{tsow2007deceit,
  title={Deceit and Deception: A Large User Study of Phishing},
  author={Tsow, Alex and Jakobsson, Markus},
  journal={Indiana University. Retrieved September},
  volume={9},
  pages={2007},
  year={2007}
}

@misc{sosci01,
author={{SoSci Survey GmbH}},
title={SoSci Survey},
year=2014,
howpublished={Webseite},
note={Online verfügbar: \url{https://www.soscisurvey.de/}, zuletzt aufgerufen am 12. Februar 2014.}
}

@misc{surveymonkey01,
author={{SurveyMonkey}},
title={SurveyMonkey},
year=2014,
howpublished={Webseite},
note={Online verfügbar: \url{https://de.surveymonkey.com/}, zuletzt aufgerufen am 12. Februar 2014.}
}

@misc{statcounter01,
author={{StatCounter}},
title={Top 9 Browsers in Germany from Jan to Dec 2013},
year=2013,
howpublished={Webseite},
note={Online verfügbar: \url{http://gs.statcounter.com/#all-browser-DE-monthly-201301-201312/}, zuletzt aufgerufen am 12. Februar 2014.}
}

@misc{proteus01,
author={Björn-Lars Kuhn},
title={{Top-Statistik: aktuelle Bildschirmauflösungen im Juli 2013}},
year=2013,
howpublished={Webseite},
note={Online Available:  \url{https://www.proteus-solutions.de/~Unternehmen/News-PermaLink:tM.F06!sM.PV00!Article.955799.asp}}
}

@misc{statresolution,
author={{StatCounter}},
title={{Top 14 Screen Resolutions in Germany from July to Dec 2013}},
year=2013,
howpublished={Webseite},
note={Online available: \url{http://gs.statcounter.com/#all-resolution-DE-monthly-201307-201312-bar}
}

@misc{alexatop500,
author={Alexa},
title={Top Sites in Germany - The top 500 sites in Germany},
year=2013,
howpublished={Webseite},
note={Online verfügbar: \url{http://www.alexa.com/topsites/countries/DE}, zuletzt aufgerufen am 12. Februar 2014.}
}

@misc{diebank,
author={Harald Kuck},
title={DIE 100 GRÖSSTEN DEUTSCHEN KREDITINSTITUTE},
year=2013,
howpublished={Webseite},
note={Online verfügbar: \url{http://www.die-bank.de/fileadmin/images/top100/diebank_Top100_2013.pdf}, zuletzt aufgerufen am 12. Februar 2014.}
}

@misc{icloud,
author={{Apple Inc.}},
year=2013,
howpublished={Webseite},
note={Online verfügbar: \url{https://www.icloud.com/}, zuletzt aufgerufen am 12. Februar 2014.}
}

@misc{dropbox,
author={Dropbox},
year=2013,
howpublished={Webseite},
note={Online verfügbar: \url{https://www.dropbox.com/mobile}, zuletzt aufgerufen am 12. Februar 2014.}
}

@article{gabrilovich2002homograph,
  title={The homograph attack},
  author={Gabrilovich, Evgeniy and Gontmakher, Alex},
  journal={Communications of the ACM},
  volume={45},
  number={2},
  pages={128},
  year={2002}
}

@misc{waybackpaypal,
author={{Internet Archive WayBackMachine}},
year=2011,
howpublished={Webseite},
note={Online verfügbar: \url{http://web.archive.org/web/20110226023916/http://paypal.ca/}, zuletzt aufgerufen am 13. Februar 2014.}
}

@misc{meebo,
author={meebo},
year=2012,
howpublished={Webseite},
note={Online verfügbar: \url{http://www.meebo.com/}, zuletzt aufgerufen am 14. Februar 2014.}
}

@misc{thawte,
author={thawte},
title={Häufig gestellte Fragen zu Extended Validation},
year=2014,
howpublished={Webseite},
note={Online verfügbar: \url{http://www.thawte.de/resources/ssl-information-center/inspire-trust-online/extended-validation-ssl-faq/index.html}, zuletzt aufgerufen am 14. Februar 2014.}
}

@article{sweller2010element,
  title={Element interactivity and intrinsic, extraneous, and germane cognitive load},
  author={Sweller, John},
  journal={Educational Psychology Review},
  volume={22},
  number={2},
  pages={123--138},
  year={2010},
  publisher={Springer}
}

@misc{microsoftphishing1,
author={{Microsoft}},
title={So erkennen Sie Phishing-E-Mails und -Links},
year=2014,
howpublished={Webseite},
note={Online verfügbar: \url{http://www.microsoft.com/de-de/security/online-privacy/phishing-symptoms.aspx}, zuletzt aufgerufen am 17. Februar 2014.}
}

@article{orman2013compleat,
  title={{The Compleat Story of Phish}},
  author={Orman, Hilarie},
  journal={Internet Computing, IEEE},
  volume={17},
  number={1},
  pages={87--91},
  year={2013},
  publisher={IEEE}
}


@misc{microsoftphishing2,
author={{Microsoft}},
title={Phishing: Häufige Fragen},
year=2014,
howpublished={Webseite},
note={Online verfügbar: \url{http://www.microsoft.com/de-de/security/online-privacy/phishing-faq.aspx}, zuletzt aufgerufen am 17. Februar 2014.}
}

@misc{phishing1995,
author={Langberg, Mike},
year={1995},
note={{S}eptember 8. San Jose Mercury News},
title={{AOL} {A}cts to {T}hwart {H}ackers}
}

@misc{ebayphishing1,
author={{Ebay}},
title={Gefälschte eBay-Websites erkennen},
year=2014,
howpublished={Webseite},
note={Online verfügbar: \url{http://pages.ebay.de/help/account/recognizing-spoof.html}, zuletzt aufgerufen am 17. Februar 2014.}
}

@misc{paypalphishing1,
author={{PayPal}},
title={So erkennen Sie Phishing},
year=2014,
howpublished={Webseite},
note={Online verfügbar: \url{https://www.paypal.com/de/webapps/mpp/phishing}, zuletzt aufgerufen am 17. Februar 2014.}
}

@misc{paypalphishingquiz,
author={{PayPal}},
title={Can You Spot Phishing?},
year=2014,
howpublished={Webseite},
note={Online verfügbar: \url{https://www.paypal.com/webapps/mpp/security/antiphishing-canyouspotphishing}, zuletzt aufgerufen am 17. Februar 2014.}
}

@misc{bsiphishing1,
author={{Bundesamt für Sicherheit in der Informationstechnik}},
title={Schutzmaßnahmen},
year=2014,
howpublished={Webseite},
note={Online verfügbar: \url{https://www.bsi-fuer-buerger.de/BSIFB/DE/GefahrenImNetz/Phishing/Schutzmassnamen/schutzmassnamen_node.html}, zuletzt aufgerufen am 17. Februar 2014.}
}

@misc{bsiphishing2,
author={{Bundesamt für Sicherheit in der Informationstechnik}},
title={Beispiele für Phishing-Angriffe},
year=2014,
howpublished={Webseite},
note={Online verfügbar: \url{https://www.bsi-fuer-buerger.de/BSIFB/DE/GefahrenImNetz/Phishing/BeispielePhishingAngriffe/beispielephishingangriffe_node.html}, zuletzt aufgerufen am 17. Februar 2014.}
}

@inproceedings{sheng2007anti,
  title={Anti-phishing phil: the design and evaluation of a game that teaches people not to fall for phish},
  author={Sheng, Steve and Magnien, Bryant and Kumaraguru, Ponnurangam and Acquisti, Alessandro and Cranor, Lorrie Faith and Hong, Jason and Nunge, Elizabeth},
  booktitle={Proceedings of the 3rd symposium on Usable privacy and security},
  pages={88--99},
  year={2007},
  organization={ACM}
}

@inproceedings{arachchilage2011design,
  title={Design a mobile game for home computer users to prevent from “phishing attacks”},
  author={Arachchilage, Nalin Asanka Garnagedara and Cole, M},
  booktitle={Information Society (i-Society), 2011 International Conference on},
  pages={485--489},
  year={2011},
  organization={IEEE}
}

@article{arachchilage2012designing,
  title={Designing a Mobile Game to Teach Conceptual Knowledge of Avoiding “Phishing Attacks”},
  author={Arachchilage, Nalin Asanka Gamagedara and Love, Steve and Scott, Michael},
  journal={International Journal for e-Learning Security},
  volume={2},
  number={2},
  pages={127--132},
  year={2012}
}

@misc{apwghowto,
author={{Anti-Phishing Working Group}},
title={How to Redirect a Phishing Site Web Page to the APWG.ORG Phishing Education Page},
howpublished={Webseite},
note={Online verfügbar: \url{http://phish-education.apwg.org/r/how_to.html}, zuletzt aufgerufen am 20. Februar 2014.}
}

@inproceedings{kumaraguru2009anti,
  title={Anti-phishing landing page: Turning a 404 into a teachable moment for end users},
  author={Kumaraguru, Ponnurangam and Cranor, Lorrie Faith and Mather, Laura},
  booktitle={Sixth Conference on Email and Anti-Spam},
  year={2009}
}

@inproceedings{volkamer2013adopting,
  title={Adopting the CMU/APWG Anti-phishing Landing Page Idea for Germany},
  author={Volkamer, Melanie and Stockhardt, Simon and Bartsch, Steffen and Kauer, Michaela},
  booktitle={Socio-Technical Aspects in Security and Trust (STAST), 2013 Third Workshop on},
  pages={46--52},
  year={2013},
  organization={IEEE}
}

@misc{ieblog01,
author={Tariq Sharif},
title={Phishing Filter in IE7},
year=2005,
howpublished={Webseite},
note={Online verfügbar: \url{http://blogs.msdn.com/b/ie/archive/2005/09/09/463204.aspx}, zuletzt aufgerufen am 25. Februar 2014.}
}

@misc{ms01,
author={Microsoft Corp.},
title={Microsoft Phishing Filter: A New Approach to Building Trust in E-Commerce Content},
year=2005,
howpublished={Webseite},
note={Online verfügbar: \url{http://www.microsoft.com/en-us/download/details.aspx?id=13943}, zuletzt aufgerufen am 25. Februar 2014.}
}

@misc{ms02,
author={Microsoft Corp.},
title={SmartScreen Filter: frequently asked questions},
howpublished={Webseite},
note={Online verfügbar: \url{http://windows.microsoft.com/en-us/windows7/smartscreen-filter-frequently-asked-questions-ie9}, zuletzt aufgerufen am 25. Februar 2014.}
}

@misc{google01,
author={Niels Provos},
title={Safe Browsing Diagnostic To The Rescue},
year=2008,
howpublished={Webseite},
note={Online verfügbar: \url{http://googleonlinesecurity.blogspot.de/2008/05/safe-browsing-diagnostic-to-rescue.html}, zuletzt aufgerufen am 25. Februar 2014.}
}

@inproceedings{provos2007ghost,
  title={The ghost in the browser analysis of web-based malware},
  author={Provos, Niels and McNamee, Dean and Mavrommatis, Panayiotis and Wang, Ke and Modadugu, Nagendra and others},
  booktitle={Proceedings of the first conference on First Workshop on Hot Topics in Understanding Botnets},
  pages={4--4},
  year={2007}
}

@misc{google02,
author={{Google Inc.}},
title={Phishing- und Malware-Warnungen},
howpublished={Webseite},
note={Online verfügbar: \url{https://support.google.com/chrome/answer/99020?hl=de}, zuletzt aufgerufen am 25. Februar 2014.}
}

@misc{mozilla01,
author={{Mozilla Foundation}},
title={Wie funktioniert der eingebaute Schutz vor Betrugsversuchen (Phishing) und Schadprogrammen?},
howpublished={Webseite},
note={Online verfügbar: \url{https://support.mozilla.org/de/kb/wie-funktioniert-schutz-vor-betrugsversuchen-und-schadprogrammen}, zuletzt aufgerufen am 25. Februar 2014.}
}

@misc{mozilla02,
author={{Mozilla Foundation}},
title={Firefox Release Notes},
year=2006,
howpublished={Webseite},
note={Online verfügbar: \url{http://website-archive.mozilla.org/www.mozilla.org/firefox_releasenotes/en-US/firefox/2.0/releasenotes/}, zuletzt aufgerufen am 25. Februar 2014.}
}